2713 3226
221 90 309 172 Μ

222 263 402 311 exutus
432 254 844 308 vix-adantum
875 261 1028 304 cornu
1055 250 1172 330 fuga
1197 250 1433 302 amera}-
1495 252 1597 305 Res
1626 256 1899 308 necessum
1929 256 2153 309 victorias
2177 255 2459 310 maetam.

223 331 324 382 αις
365 323 449 370 sed
481 321 639 384 capite
669 322 806 368 Bruti
837 320 1040 367 Romam
1070 333 1245 377 misso,
1285 322 1342 365 ut
1374 321 1558 386 statuae
1590 320 1808 373 caecatis
1830 320 2180 387 subjiceretur,
2211 323 2267 371 in
2295 325 2460 387 splen-

222 387 525 438 didissimum
556 400 801 447 quemque
837 385 1074 445 captivum
1102 396 1206 429 nou
1236 381 1341 430 sine
1371 381 1638 436 verborum
1659 387 1948 441 conflandis
1968 388 2157 436 saeviitz
2186 392 2241 435 ut
2260 389 2462 450 quidam

220 452 309 501 uni
332 448 618 514 ,suppliciter
632 449 949 511 sepulturam·
961 445 1183 508 precanti
1205 445 1518 509 respondisse
1548 446 1757 499 dicatum
1786 440 2089 499 Jam'istam
2117 450 2174 498 in
2200 452 2460 501 mlum

206 515 336 579 sore
360 519 662 579 potestatem
675 529 690 558 ε
730 510 846 558 alios
858 542 876 570 ,
917 514 1121 572 patrem,
1141 512 1194 557 et
1221 508 1398 570 filium,
1440 524 1531 572 pro
1554 509 1657 558 vita
1685 516 1947 574 rogantem
1979 515 2139 563 sortiri
2152 512 2155 515 ’
2170 515 2248 563 vel
2274 516 2462 568 micare

220 578 444 642 jussisse,
493 580 547 621 ut
586 575 803 621 alterutri
841 574 1214 629 concedet-etun
1267 587 1324 620 ac
1365 571 1602 634 spectasse
1642 577 1901 637 utrumque
1943 576 2256 638 morientem,
2308 592 2462 640 quum

221 647 374 707 patre,
405 638 518 704 quia
548 652 602 689 se
634 637 874 688 obtulerat
879 669 897 697 ,
931 637 1115 697 occiso,
1147 635 1270 683 filius
1302 651 1496 699 quoque
1526 636 1847 686 voluntariam
1878 638 2179 691 occubuisset
2207 656 2394 691 necem.
2413 657 2430 681 -·

803 741 905 791 -π
969 740 1388 790 Suetonius
1443 742 1635 790 ibid.
1687 758 1731 791 c.
1786 740 1868 790 15.

370 827 569 876 Perusia
613 823 751 891 capta
764 860 780 887 ,
820 827 875 873 in
915 826 1151 889 plurimos
1191 825 1550 874 animadvertit:
1594 841 1738 889 ⁸‚ol-are
1777 826 1969 875 veniam
2007 827 2106 876 vel-
2131 843 2365 879 excusare
2406 847 2460 880 se

222 895 504 960 conantibus
548 907 646 940 una
688 907 811 940 voce
851 906 1130 939 occari-eust
1170 889 1487 937 Manendum
1525 907 1643 940 esse.
1707 891 1936 940 Sci-ibunt
1966 893 2188 955 quidam3
2207 897 2461 965 trecentos

221 1046 363 1099 priore
395 1045 553 1098 fugisse
574 1056 623 1081 ac
649 1042 746 1082 siner
768 1039 1063 1093 paludamento
1100 1051 1292 1095 equoque
1323 1049 1420 1095 post
1448 1040 1621 1080 biduum
1653 1040 1817 1081 demum
1846 1044 2096 1094 apparuisse.
2162 1041 2262 1081 Non
2290 1040 2455 1091 dubito,

222 1100 332 1147 fore,
400 1099 445 1136 ui
474 1098 576 1136 haec
601 1103 694 1135 cum
725 1096 975 1134 Drumanno
1007 1095 1053 1133 in
1079 1096 1243 1135 Histor.
1268 1096 1391 1144 Rom.
1426 1097 1546 1135 Tom.
1579 1096 1613 1133 1.
1640 1108 1681 1147 p.
1709 1102 1804 1135 300.
1832 1108 1884 1133 ex
1907 1105 2049 1145 mutua
2077 1096 2358 1134 calumniandi
2380 1095 2459 1138 cri·

219 1152 361 1190 minan
395 1152 494 1202 ique
517 1148 708 1187 lubidine
739 1157 956 1200 repetant,
986 1160 1116 1198 eaque
1145 1148 1182 1186 si
1210 1161 1293 1185 non
1325 1148 1675 1194 confictascerte
1697 1146 1900 1187 invidiose
1934 1158 2053 1186 aucta
2080 1161 2167 1187 esse
2193 1148 2344 1188 dic-nt.
2401 1149 2460 1187 At

220 1204 371 1242 mirum
403 1202 591 1255 quemvis
619 1200 773 1238 habeat
804 1212 972 1238 necesse
1002 1209 1078 1247 est,
1115 1199 1229 1252 quod
1259 1199 1528 1252 etiam'apud
1552 1200 1774 1253 Philippos
1794 1199 1935 1252 priore
1953 1201 2116 1252 proelio
2139 1201 2285 1240 castris
2308 1209 2459 1239 exutus

220 1258 298 1296 vix
330 1255 382 1294 ad
413 1255 592 1293 Antonii
620 1267 749 1291 cornu
777 1253 878 1304 fuga
904 1262 1105 1291 evaserat.
1173 1254 1397 1304 ‘l'ransegit
1425 1253 1593 1304 quidem
1619 1254 1776 1290 bellum
1800 1252 2071 1304 Philippense
2101 1254 2307 1291 invalidus
2335 1264 2460 1306 atque

223 1322 369 1364 aeger:
404 1322 499 1348 nam
530 1320 635 1360 aqua
666 1306 811 1353 subter
839 1314 975 1345 cutem
1002 1305 1095 1344 fusa
1125 1304 1316 1359 turgidus
1345 1305 1599 1358 aegrotabat,
1631 1316 1679 1345 ut
1702 1305 1867 1356 Plinius
1893 1305 2030 1346 N..H.
2059 1305 2179 1346 Libr.
2208 1305 2357 1349 vl1.·c.
2376 1312 2458 1354 45..

224 1364 410 1417 Agrippa
439 1370 480 1399 et
508 1361 754 1399 Maecenate
778 1359 1033 1409 auctoribus,
1061 1358 1260 1398 videlicet
1286 1359 1427 1397 amicis
1451 1359 1566 1396 illius
1593 1359 1814 1411 Principis,
1845 1359 2066 1399 memoriae
2098 1358 2253 1412 prodit.
2308 1359 2458 1414 Neque

224 1426 362 1455 tamen
393 1412 563 1453 morbus
597 1414 678 1452 iste
710 1412 897 1458 obstitit,
929 1406 1012 1462 qu‘o
1041 1412 1203 1457 minus,
1230 1412 1405 1451 victoria
1438 1425 1513 1462 per
1532 1412 1764 1449 Antonium
1787 1415 2003 1465 collegam,
2025 1413 2200 1450 consilio
2222 1414 2459 1465 promptum

223 1479 267 1510 et
295 1483 418 1508 manu
446 1468 613 1518 fortem,
647 1474 870 1516 reportata,
902 1465 947 1502 in
982 1463 1365 1516 splendidissimum
1393 1477 1595 1517 quemque
1631 1464 1841 1516 captivum
1872 1478 1957 1503 non
1985 1465 2329 1516 sine'verborum
2360 1480 2459 1505 con-

223 1524 397 1562 tumelia
423 1522 613 1559 saeviret.
672 1520 741 1556 Sic
764 1519 980 1569 Augustus
1000 1517 1051 1555 ad
1072 1531 1270 1555 summum
1294 1519 1511 1569 imperium
1534 1513 1796 1555 acerbitatem
1815 1528 1985 1556 naturae
2004 1518 2213 1571 adjunxit,
2242 1533 2325 1572 quo
2350 1519 2460 1558 nihil

226 1576 456 1615 deformius
491 1587 579 1613 esse
607 1572 773 1624 scripsit
808 1570 956 1609 Cicero
990 1570 1051 1610 adv
1075 1571 1125 1623 Q.
1154 1573 1221 1610 Fr.
1254 1572 1370 1610 Libr.
1397 1571 1431 1610 1.
1457 1571 1535 1623 Ep.
1569 1577 1605 1610 1.
1635 1574 1671 1621 §.
1701 1577 1766 1611 80.
1822 1571 2075 1610 Conferatur
2112 1570 2381 1612 Dru'mannus
2413 1573 2459 1611 in

222 1630 383 1667 Histor.
409 1629 534 1668 Rom.
568 1628 686 1663 Tom.
717 1625 747 1663 Ι.
779 1637 821 1676 p.
850 1630 957 1670 385„
987 1624 1060 1675 qui
1096 1625 1271 1662 Antonii
1299 1633 1340 1662 et
1363 1623 1544 1677 Augusti
1573 1624 1776 1662 rationem
1807 1623 1959 1677 agendi
1988 1624 2096 1677 apud
2118 1625 2336 1679 Philippos
2361 1638 2459 1665 vere

224 1697 271 1722 ac
302 1681 477 1722 candide
508 1678 741 1730 descripsit.
761 1701 811 1711 -
829 1678 920 1731 Ego
957 1676 1303 1729 Oudendorpium
1333 1687 1524 1724 secutus,
1554 1687 1780 1728 praeeunte
1809 1676 2031 1724 Paldamo,
2056 1678 2097 1720 h.
2122 1682 2150 1716 1.
2173 1679 2300 1718 edidi:
2332 1683 2373 1719 fn
2398 1695 2461 1720 υο·

222 1738 368 1776 luorum
394 1737 494 1788 fore
520 1742 761 1783 potestatem,
805 1744 896 1769 cum
931 1745 972 1770 v.
1010 1735 1119 1769 istam
1146 1731 1291 1768 referri
1318 1729 1470 1768 debeat
1503 1729 1556 1767 ad
1587 1744 1626 1768 v.
1661 1732 1902 1780 sepulturam.
1967 1730 2054 1782 Qui
2084 1730 2189 1771 Cod.
2221 1733 2457 1771 Memmian.

226 1789 475 1827 auctoritate
502 1786 671 1824 adducti
700 1784 1053 1836 praepositionem
1081 1788 1124 1822 irs
1152 1785 1371 1825 omittunt.
1411 1784 1470 1821 eis
1500 1797 1647 1822 vereor
1674 1794 1722 1821 ut
1751 1784 1851 1822 satis
1893 1785 2034 1822 faveat
2071 1785 2272 1822 sermonis
2309 1785 2459 1823 Latini

227 1840 501 1881 consuetudo.
532 1838 657 1878 Certe
677 1838 762 1875 loci
783 1851 803 1875 a
821 1837 987 1875 Bremio
1009 1836 1114 1881 adh.
1135 1839 1162 1875 1.
1187 1846 1229 1876 et
1247 1850 1269 1874 a
1290 1836 1544 1876 Ruhnkenio
1569 1836 1620 1874 ad
1644 1838 1809 1876 Terent.
1830 1836 1979 1877 Heaut.
1993 1837 2069 1876 1v.
2094 1843 2130 1879 3.
2152 1843 2216 1878 42.
2239 1838 2355 1876 allati
2373 1851 2458 1876 non

225 1896 421 1947 probant,
446 1893 605 1930 Latine
619 1891 703 1928 dici
722 1903 863 1941 posset
887 1891 1114 1938 sepulturam
1131 1892 1223 1939 fore
1241 1891 1426 1928 volucrum
1438 1900 1664 1938 potestatem.
1721 1890 1835 1927 Mihi
1855 1904 2092 1955 persuasum
2111 1901 2183 1936 est,
2211 1891 2457 1944 Aug-ustum,

225 1949 295 1988 cui
325 1948 644 1987 obversarentur
668 1944 749 1981 illa
773 1942 995 1981 Homerica
1028 1956 1078 1980 ex
1109 1941 1229 1980 Iliad.
1260 1940 1377 1979 Libr.
1404 1942 1436 1980 I.
1466 1956 1505 1982 v.
1527 1946 1587 1982 4.=
1616 1941 1758 1990 αὐτοὺς
1784 1943 1827 1983 δὲ
1854 1941 1994 1996 ελώρια
2020 1947 2124 1995 τεῦχε
2152 1941 2324 1983 κύνεσσιν
2351 1944 2455 1984 Οἰω-

223 2003 326 2042 rofa(
349 2017 389 2041 τε
413 2003 529 2049 πᾶσι,
571 1996 860 2049 respondisse:
890 1996 1120 2045 sepulturam
1135 1998 1235 2048 fore
1270 2000 1312 2034 irs
1344 1997 1532 2034 voluerum
1563 2007 1804 2045 potentum.-
1838 2000 1954 2048 cujus
1989 1998 2216 2042 locutionis
2251 1997 2456 2045 rationem

224 2064 390 2107 praeter
417 2067 504 2100 eos,
536 2064 652 2104 quos⁴
672 2049 890 2087 Paldamus
920 2050 1122 2095 nominat,
1154 2049 1323 2099 copiose
1353 2048 1582 2099 explicavit
1609 2049 1792 2089 Kritzius
1822 2049 1872 2087 ad
1891 2050 2055 2089 Sallust.
2078 2051 2170 2104 Jug.
2192 2064 2224 2088 c.
2246 2054 2336 2090 112.
2358 2053 2391 2100 §.
2417 2057 2458 2093 3.

225 2121 270 2159 p·
301 2113 390 2147 598.
420 2119 506 2157 sqq.
531 2124 585 2136 —
611 2104 747 2148 Alios,
776 2112 934 2153 patrem
965 2111 1006 2140 et
1035 2102 1187 2148 filium,
1218 2114 1293 2151 pro
1324 2102 1411 2139 vita
1440 2111 1632 2153 rogantes
1661 2102 1770 2140 refer
1794 2102 1845 2140 ad
1864 2103 2057 2154 Aquilios
2086 2106 2254 2150 Floros,
2287 2102 2336 2140 de
2368 2104 2458 2154 qui·

227 2161 305 2198 bus
332 2160 413 2196 hoc
440 2166 579 2195 narrat
607 2157 696 2194 Dio
728 2155 843 2194 Cass.
872 2156 991 2192 Libr.
1020 2154 1094 2192 LI.
1127 2168 1161 2193 c.
1193 2159 1229 2192 2.
1259 2163 1356 2205 post
1382 2166 1565 2205 pugnam
1595 2154 1830 2194 Actiacam:
1857 2156 1909 2193 cf.
1935 2157 2202 2194 Drumannus
2225 2155 2455 2194 in-Histor.

226 2214 351 2251 Rom.
372 2213 489 2248 Tom.
508 2210 543 2248 1.
563 2223 603 2261 p.
625 2213 716 2249 485.
775 2208 839 2246 Ob
870 2208 983 2245 hunc
1011 2207 1262 2258 scriptorum
1293 2205 1521 2246 dissensum
1550 2207 1593 2245 P.
1614 2209 1657 2247 G.
1678 2207 1866 2260 Levatque
1892 2209 1936 2246 in
1961 2210 2063 2248 Kra‘t.
2097 2208 2224 2248 aesca.
2255 2209 2294 2247 ἆ.
2323 2209 2457 2251 Rom.

228 2265 398 2314 Republ-
425 2264 489 2303 ioh.
514 2279 552 2303 υ.
578 2263 730 2302 Βναυη.
769 2262 896 2306 (Zeia
926 2265 1062 2306 1810.)
1100 2261 1218 2300 Tom.
1247 2259 1322 2297 111.
1354 2272 1394 2310 p.
1425 2264 1516 2299 219.
1545 2269 1674 2298 totam
1704 2275 1787 2301 rem
1816 2271 1970 2301 temere
1997 2262 2038 2301 in
2069 2261 2238 2300 dubium
2265 2268 2389 2300 vocat
2418 2271 2459 2300 et

228 2318 495 2363 Suetonium,
525 2318 641 2367 cujus
668 2315 811 2366 potior
839 2313 1029 2351 habenda
1050 2322 1112 2351 est
1130 2312 1370 2359 auctoritas,
1400 2312 1555 2364 injuria
1578 2314 1894 2354 malevolentiae
1915 2315 1960 2354 in
1978 2316 2220 2369 Augustum*
2231 2314 2456 2352 insimulat.

337 2392 410 2431 VI.
442 2389 580 2430 Julius
609 2389 758 2428 Caesar
784 2389 829 2425 in
857 2388 946 2426 acie
974 2387 1236 2434 Pharsalica,
1266 2395 1316 2424 ut
1343 2396 1487 2426 auctor
1515 2397 1577 2425 est
1606 2388 1830 2428 Suetonius
1860 2404 1894 2428 c.
1925 2392 2004 2433 75..
2028 2391 2381 2440 proclamaverat,
2411 2398 2460 2428 ut

226 2445 392 2486 civibus
420 2451 682 2497 parceretur;
722 2450 764 2479 at
790 2441 942 2479 sororis
971 2455 1103 2493 nepos
1132 2454 1219 2478 non
1246 2438 1647 2480 tantum'Perusinis
1677 2443 1839 2482 veniam
1868 2456 1984 2482 orare
2013 2455 2139 2495 seque
2168 2455 2362 2481 excusare
2392 2456 2459 2482 co·
2513 2489 2516 2491 ¹

226 2500 424 2539 nantibus
448 2509 572 2536 saeva
600 2508 704 2535 voce
734 2508 948 2533 occurrens
978 2494 1281 2533 occlamitavite
1307 2495 1538 2533 nem-feudum
1563 2511 1650 2543 esse,
1681 2495 1753 2536 sed
1781 2510 1834 2536 ex
1862 2495 2074 2535 dediticiis
2103 2496 2224 2534 etiam
2258 2496 2458 2535 Romanis

227 2562 437 2594 trecentos
465 2550 571 2598 sive,
601 2557 651 2587 ut
678 2556 817 2586 narrat
843 2548 927 2585 Dio
957 2547 1069 2588 Cass.
1090 2547 1208 2586 Libr.
1232 2546 1431 2586 XLVIII.
1453 2561 1487 2586 e.
1510 2551 1588 2597 14„
1619 2540 1946 2605 quadringentos
1967 2548 2167 2588 senatorii
2192 2559 2234 2588 et
2258 2549 2458 2603 equestris

229 2607 389 2645 ordinis
418 2605 471 2643 ad
498 2618 609 2642 aram
639 2604 850 2641 avunculo
881 2615 956 2639 suo
985 2611 1230 2640 exstructam
1267 2601 1500 2639 hostiarum
1536 2616 1650 2642 more
1687 2604 1897 2642 mactavit.
1954 2603 2091 2654 Hujus
2129 2604 2327 2642 saevitiae
2364 2617 2457 2642 cum

229 2660 361 2699 serius
387 2659 521 2711 ipsum
549 2654 751 2710 puderet,
772 2654 838 2692 ‘in
868 2652 1184 2693 Commentariis
1211 2652 1262 2693 de
1291 2653 1390 2693 Vita
1418 2668 1491 2693 sua
1520 2657 1719 2708 scriptum
1747 2654 1861 2694 haud
1889 2653 2014 2693 dubie
2041 2656 2233 2708 reliquit,
2270 2670 2355 2695 non
2384 2651 2458 2695 sua

229 2715 463 2758 voluntate,
483 2710 555 2749 sed
573 2710 756 2748 militum
777 2708 839 2746 ira
859 2716 1077 2757 tantopere
1096 2708 1297 2745 saevitum
1320 2720 1418 2746 esse.
1456 2709 1522 2747 Ex
1542 2710 1628 2748 illis
1649 2708 1966 2748 Commentariis
1992 2722 2063 2747 sua
2083 2709 2222 2748 hausit
2242 2710 2458 2761 Appianus

230 2764 270 2805 d.
298 2765 347 2805 Β.
377 2763 426 2807 G.
453 2764 571 2803 Libr.
602 2764 654 2804 V.
684 2775 719 2804 c.
748 2765 814 2803 48.
845 2772 922 2813 sq.,
959 2768 1009 2798 ut
1038 2768 1159 2798 acute
1188 2760 1366 2810 conjecit
1393 2759 1784 2816 schweighauserus
1812 2761 1907 2801 Vol.
1936 2761 2014 2802 111.
2041 2775 2080 2814 Ρ.
2104 2768 2210 2809 868..
2243 2772 2365 2815 atque
2394 2775 2458 2801 ea·

230 2818 324 2856 dem
349 2818 512 2854 ratione
540 2816 654 2852 illius
684 2816 787 2852 facti
815 2813 1063 2851 foeditatem
1093 2813 1142 2847 ab
1171 2813 1354 2864 Augusto
1384 2816 1578 2852 amolitur
1606 2816 1742 2868 gentis
1770 2814 1906 2854 Iuliae
1936 2813 2140 2864 adulator,
2172 2816 2354 2868 Vellejus
2381 2816 2458 2853 Pa-

231 2873 419 2913 terculus
454 2869 573 2910 Libr.
605 2869 659 2909 11.
689 2882 722 2908 c.
750 2869 816 2911 74.
845 2869 881 2918 §.
910 2871 963 2915 4.,
1001 2863 1073 2906 sed
1101 2865 1278 2916 frustra,
1314 2875 1363 2906 ut
1399 2868 1627 2909 confitetur
1663 2867 1911 2909 Loebellius
1940 2867 1990 2908 de
2017 2868 2201 2920 Princip.
2231 2869 2336 2922 Aug.
2362 2871 2391 2910 l.
2422 2881 2456 2907 c.
