2713 3226
2367 136 2444 200 21

344 317 350 324 .
380 282 450 331 13.
509 281 596 340 Τοῦ
607 272 1087 335 7,ιδζέᾼέὶηνζαδεον.δήμου-
1103 272 1428 333 ὶξημαρτηκέναι
1453 290 1497 319 τι
1522 273 1732 328 δόξαντος,
1761 272 1944 334 ἔγραψεν
1970 273 2046 322 ἀπ’
2071 274 2252 334 ,Αἰγίνης
2278 276 2451 324 οἴεσθαι

229 344 293 402 ’μὴ
316 341 541 404 Μάνεω
566 336 719 396 “sirmis
744 337 1024 399 ὀργιζόμενος.
1052 335 1102 402 οὗ
1127 340 1206 397 γὰρ
1234 336 1286 384 ἄν’
1306 339 1352 385 ἐν
1375 338 1533 406 Λίγίγῃ
1560 336 1858 395 διαχειμάσειν.
1885 337 1986 384 ἵίλλο
2012 339 2052 386 δ’
2078 339 2203 388 οὐδὲν
2223 337 2308 387 οἵτ’
2333 338 2451 388 εἶπεν

232 406 384 459 αὐτοὺς
392 440 405 460 ‚
433 404 518 460 οὔτ’
546 404 737 461 ἐποίησε.

379 485 448 529 14.
507 481 602 523 Τῶν
623 475 668 524 δ’
691 474 948 537 Εὐρυκλέους
973 476 1212 537 κατηγόρων
1237 474 1330 528 ἑνὸς
1356 472 1541 533 ἇφειδῶς
1565 476 1637 521 καὶ
1661 474 1906 536 κατακόρως
1931 478 2339 538 παρρησιαζομένου,
2379 479 2453 525 καὶ

232 544 522 604 προαχθέντος
548 541 683 603 εἰπεῖν
702 558 747 588 τι
770 545 969 587 τοιοῦτον·
1004 542 1057 587 Εἰ
1080 539 1212 587 ταῦτά
1239 556 1330 591 σοι,
1356 543 1540 597 Καῖσαρ,
1579 540 1628 585 οὔ
1655 541 1852 599 φαίνεται
1874 541 2053 599 μεγάλα,
2092 544 2285 587 κέλευσον
2323 542 2452 590 αὐτὸν

236 732 333 771 Ger.
347 728 443 769 vol.
472 727 547 767 IX.
574 740 616 779 p.
639 732 728 768 136.
750 739 809 778 sq.
832 725 906 765 Ra
920 721 1056 771 Αὕτός
1076 722 1119 764 δὲ
1135 721 1228 771 τοὺς
1243 721 1353 770 νέους
1369 720 1476 763 ἔθεσι
1494 723 1558 762 καὶ
1578 720 1710 774 νόμοις
1730 723 1929 777 αὗστηρῶς
1944 726 2202 780 σωφρονίζων,
2231 722 2286 774 ὥς
2306 724 2450 779 ἐθορύ-

233 787 378 835 βησαν,
393 779 614 830 Ἀκούσατε,
643 778 733 828 εἶπε,
760 778 838 819 νέοι
864 777 1067 829 γέροντος,
1094 770 1141 817 οὗ
1167 776 1254 816 νέου
1280 776 1453 829 γέροντες
1479 774 1631 827 ἤκουον.
1685 780 1751 815 Ex
1780 792 1860 831 quo
1898 782 1992 818 loco
2030 790 2253 832 utcumque
2290 781 2452 819 firmari

267 846 374 876 otest
402 832 610 888 suspicio,
644 832 745 871 haec
771 830 971 869 accidisse
999 843 1035 869 a.
1056 831 1112 869 U.
1141 829 1188 867 C.
1214 836 1322 875 762„
1352 843 1435 881 quo
1464 840 1571 868 anno
1602 832 1814 883 Augustus
1836 836 1925 884 *jam
1951 846 2076 871 senex
2113 834 2453 887 septuagenarius

233 851 369 944 fegem‘
389 889 439 928 de
459 886 700 926 maritandis
726 882 941 923 ordinibus
960 884 1177 935 aliquanto
1200 883 1381 922 severius
1401 893 1605 935 repeteret
1627 898 1703 922 nec
1724 895 1872 933 tamen,
1902 896 2068 924 auctore
2093 886 2295 925 Suetonio
2313 901 2346 925 c.
2369 891 2449 934 34„

234 957 333 997 prae
354 944 535 982 tumultu
559 939 836 978 recusantium
858 938 1041 989 perferre
1068 945 1230 989 posset.
1258 937 1342 975 nisi
1374 935 1561 991 adempta
1590 937 1753 975 demum
1783 939 1962 977 lenitave
1990 949 2107 990 parte
2136 953 2383 991 poenarum,
2409 949 2453 978 et

234 998 450 1090 vastique
474 994 647 1033 triennii
672 992 790 1040 data,
818 991 1034 1044 auctisque
1055 991 1262 1044 praemiis.
1319 990 1426 1030 Nam
1451 994 1621 1044 juvenes
1646 992 1835 1044 inprimis
1857 1005 1976 1046 aegre
1998 993 2141 1033 tulisse
2166 993 2280 1032 illam
2302 996 2451 1048 legem,

236 1065 277 1092 cr
331 1051 392 1089 ibt
411 1063 434 1089 e
456 1056 531 1089 est.
747 1057 764 1060 ““
1499 1059 1503 1062 ·

342 1128 405 1166 13.
438 1120 788 1175 wyttenbachius
814 1116 865 1160 ad
893 1119 1003 1160 h.1.2
1031 1119 1237 1171 „Dictum
1265 1119 1445 1175 Augusti
1468 1131 1580 1161 recte
1614 1122 1743 1162 vertit
1777 1121 2017 1173 Xylander,
2052 1123 2246 1162 Existimo
2278 1135 2354 1161 non
2390 1134 2455 1160 vos

229 1180 397 1234 fallere,
423 1194 480 1218 me
506 1181 622 1217 irasci
644 1177 768 1215 ‘vobe'ss
806 1185 847 1213 et
875 1188 971 1213 sane
1003 1173 1158 1215 οἴεσθαι
1183 1191 1222 1214 se
1241 1186 1393 1224 ptam-e,
1425 1176 1524 1213 satis
1555 1175 1704 1214 bonum
1739 1190 1903 1214 sensum
1926 1178 2050 1228 parit,
2082 1177 2294 1215 meliorem
2314 1184 2453 1214 tamen

238 1234 359 1271 etiam
383 1230 607 1282 βούλεσθαι,
630 1228 741 1280 quod
766 1228 835 1266 dat
862 1228 1108 1279 Harlejanus
1135 1227 1286 1266 codex:
1319 1226 1417 1267 Nolo
1443 1245 1505 1267 vos
1530 1233 1716 1277 ignorare.
1773 1229 1850 1268 Pro
1880 1228 2020 1276 αὐτοῧς
2044 1229 2152 1268 idem
2184 1240 2225 1269 et
2250 1229 2346 1270 Jun.
2379 1226 2452 1265 ha·

236 1286 337 1324 bent
359 1282 457 1335 πρὸς
481 1278 646 1330 adiubet,
677 1281 797 1319 Voss.
823 1278 965 1329 αὐτοῖς,
993 1290 1378 1337 quorum-neutrum
1399 1281 1694 1332 requirimus.“
1748 1283 1934 1320 Dubium
1960 1293 2035 1329 est,
2057 1296 2138 1335 quo
2160 1292 2343 1333 tempore
2367 1282 2452 1318 Au·

164 1341 174 1347 “
295 1347 380 1376 stus
406 1336 507 1374 haec
532 1334 583 1373 ad
603 1333 880 1371 ‘Athenienses
922 1333 1150 1384 scripserit.
1217 1333 1417 1371 Corsinus
1456 1334 1499 1370 in
1528 1336 1638 1372 Fast.
1669 1334 1755 1373 Att.
1787 1336 1886 1373 Vol.
1916 1335 1987 1373 IV.
2015 1350 2058 1386 p.
2091 1342 2181 1375 137.
2215 1345 2257 1372 et
2286 1338 2378 1374 144.
2406 1334 2452 1371 in

238 1352 342 1438 {iios
365 1389 700 1427 diversos›annos
724 1387 900 1437 olymp.
933 1392 1024 1426 189.
1052 1392 1088 1425 1.
1111 1385 1153 1425 h.
1180 1399 1213 1423 e.
1245 1400 1281 1425 a.
1308 1387 1361 1425 U.
1385 1386 1431 1425 C.
1453 1393 1544 1426 730.
1575 1398 1617 1425 et
1647 1379 1815 1438 Olymp.
1846 1395 1937 1427 190.
1974 1395 2007 1427 1.
2028 1389 2067 1425 h.
2094 1402 2127 1426 e.
2151 1402 2186 1425 a.
2213 1387 2266 1426 U.
2292 1387 2338 1427 C.
2359 1391 2453 1427 734.

239 1442 461 1496 disjunxit:
496 1453 616 1493 quam
645 1440 846 1477 rationem
876 1442 964 1489 jure
986 1439 1191 1489 improbat
1207 1439 1572 1488 wyttenbachius,
1594 1441 1666 1492 qui
1688 1441 1814 1478 refert
1837 1440 1887 1477 ad
1913 1454 1947 1478 a.
1969 1442 2020 1479 U.
2040 1441 2086 1479 C.
2106 1446 2213 1485 733..
2238 1452 2319 1491 quo
2345 1452 2452 1476 anno

236 1497 302 1534 Au
334 1505 448 1533 ustus
473 1496 516 1531 in
540 1493 752 1531 Graeciam
776 1493 1010 1543 profectus,
1041 1491 1315 1529 Athenienses
1336 1502 1506 1544 propter
1526 1501 1640 1531 vetus
1664 1507 1758 1545 erga
1784 1494 1850 1532 M.
1871 1494 2098 1532 Antonium
2123 1504 2165 1532 et
2190 1493 2452 1545 Cleopatram

238 1558 306 1588 stu
338 1550 421 1586 ium
441 1548 621 1601 Aegina,
647 1547 812 1585 >Eretria
835 1545 1010 1597 aliisque
1031 1544 1149 1581 terris
1172 1544 1340 1593 illorum
1360 1558 1529 1583 munere
1553 1548 1732 1597 acceptis
1756 1547 2029 1594 mulctaverit,
2054 1556 2158 1585 teste
2180 1547 2325 1584 Dione
2340 1546 2453 1584 Cass.

236 1600 489 1641 Libr.'L1V.
508 1614 541 1638 c.
566 1606 604 1639 7.
659 1600 715 1637 At
734 1598 832 1636 huic
853 1598 1083 1636 sententiae
1110 1610 1192 1649 quo
1212 1598 1348 1635 minus
1379 1598 1582 1645 accedam,
1607 1612 1698 1636 cum
1719 1600 1799 1636 alia
1827 1600 2005 1645 obstant,
2038 1610 2125 1638 tum
2157 1601 2332 1637 maxime
2357 1599 2453 1646 hoc,

240 1655 375 1707 quod,
413 1655 451 1692 si
477 1652 623 1692 in'illo
652 1653 744 1702 ipso
778 1652 925 1689 itinere
960 1650 1171 1702 Augustus
1198 1649 1519 1689 Atheniensibus
1548 1651 1748 1705 Aeginam
1777 1662 1818 1689 et
1847 1653 2053 1691 Eretriam
2089 1652 2332 1698 ademisset,
2368 1663 2453 1689 non

238 1707 363 1758 video
395 1720 477 1759 quo
505 1715 627 1759 pacto
654 1703 900 1742 Plutarchus
927 1703 1348 1754 scribere-potuisset,
1382 1704 1616 1755 Augustum
1644 1705 1966 1744 Atheniensibus
1988 1716 2074 1743 tum
2103 1706 2212 1742 nihil
2245 1708 2349 1743 male
2378 1717 2454 1741 nec

239 1762 495 1813 fecisseknec
525 1759 689 1804 dixisse,
719 1758 804 1794 nisi>
832 1756 942 1809 quod
974 1770 1086 1794 suam
1110 1756 1196 1795 illis
1226 1757 1325 1794 iram
1347 1770 1422 1808 per
1442 1757 1603 1795 litteras
1626 1758 1916 1810 significasset.
1976 1759 2114 1810 Quare
2134 1757 2322 1811 equidem
2344 1760 2452 1795 malo

213 1841 217 1844 -
240 1814 364 1866 hujus
384 1814 443 1851 rei
463 1821 626 1863 tempus
644 1811 789 1848 referri
811 1812 860 1847 ad
883 1811 1057 1848 hiemem
1076 1823 1237 1863 pugnae
1257 1810 1452 1847 Actiacae
1470 1811 1697 1861 proximam
1723 1812 1750 1848 i.
1777 1825 1811 1850 e.
1833 1826 1866 1849 a.
1890 1813 1939 1849 U.
1961 1810 2007 1851 C.
2027 1816 2134 1862 ¹744..
2159 1814 2275 1864 cujus
2295 1821 2452 1862 partem

240 1869 286 1907 in
318 1867 438 1905 rebus
472 1866 667 1905 Graeciae
696 1862 997 1902 constituendis
1031 1863 1242 1916 Augustus
1274 1864 1499 1925 transegit:
1528 1878 1569 1904 v.
1602 1863 1831 1906 comment.
1863 1865 1911 1904 de
1938 1867 2067 1905 Cassio
2092 1867 2289 1905 Parmensi
2314 1868 2350 1913 ς.
2388 1868 2454 1904 14.

239 1935 284 1974 p.
315 1926 405 1961 257.
432 1933 490 1971 sq.
546 1919 635 1958 Jam
665 1919 753 1957 veri
783 1927 846 1955 est
872 1917 1140 1963 simillimum,
1173 1916 1290 1953 illum
1320 1926 1469 1968 partim
1495 1917 1719 1956 subiratum
1751 1918 2072 1957 Atheniensibus
2096 1920 2246 1971 partim
2283 1918 2363 1956 sibi
2389 1931 2455 1955 ca·

240 1984 404 2014 ventem
424 1973 473 2010 ab
495 1972 672 2010 Antonii
696 1971 837 2010 amicis
860 1971 918 2008 ibi
940 1969 1223 2023 congregatis,
1248 1969 1425 2008 Athenis
1444 1984 1541 2008 mox
1562 1972 1729 2019 relictis,
1754 1972 1798 2010 in
1822 1972 2021 2022 Aeginam
2049 1986 2092 2011 se
2113 1973 2316 2024 recepisse
2337 1973 2455 2010 velut

242 2028 305 2066 ibi
330 2026 657 2074 hibernaturum,
678 2035 803 2077 atque
825 2023 922 2063 inde
943 2025 1061 2063 istam
1082 2023 1298 2067 brevitatis
1319 2019 1555 2063 Laconicae
1575 2026 1790 2077 epistolam
1813 2025 1974 2065 dedisse
1993 2025 2043 2064 ad
2062 2026 2346 2074 Athenienses,
2408 2024 2455 2061 ui

241 2082 417 2121 fortasse
444 2079 670 2119 discessum
693 2082 782 2132 ejus
805 2092 925 2132 aegre
951 2079 1144 2117 tulissent
1175 2087 1217 2116 et
1239 2078 1458 2130 conquesti
1482 2089 1629 2119 essent.
1684 2079 1749 2118 Ita
1780 2080 1855 2118 illo
1886 2090 2069 2132 tempore
2090 2081 2303 2133 Augustus
2329 2079 2386 2116 At
2417 2091 2457 2116 e·

243 2136 407 2172 nienses
434 2146 568 2184 neque
592 2134 678 2170 ullo
709 2133 886 2183 amplius
915 2131 1024 2170 dicto
1054 2145 1189 2182 neque
1217 2132 1329 2168 facto
1355 2132 1564 2181 violabat,
1599 2133 1759 2171 ultione
1785 2135 1827 2170 in
1857 2133 2110 2171 commodius
2140 2143 2304 2185 tempus
2330 2131 2454 2170 dilata

243 2188 274 2229 i.
299 2202 333 2228 e.
365 2187 409 2226 iu
436 2189 585 2225 a'nnum
616 2186 665 2225 U.
696 2185 745 2226 C.
770 2191 861 2228 733.
918 2184 1023 2224 Cum
1052 2194 1189 2224 autem
1216 2185 1336 2226 rebus
1364 2186 1608 2238 urgentibus
1642 2186 1685 2224 in
1721 2186 1857 2226 Asiam
1885 2192 2102 2225 vocaretur
2134 2196 2176 2225 et
2200 2194 2358 2225 tantum
2382 2198 2456 2237 per

243 2241 530 2286 brevissimum
560 2240 760 2289 temporis
780 2239 971 2291 'spa-tium
998 2240 1043 2277 in
1068 2239 1226 2290 Aegina
1258 2249 1531 2277 commoratus
1562 2249 1690 2283 esset;
1719 2241 1869 2277 factum
1904 2253 1991 2278 esse
2018 2250 2138 2292 puto,
2163 2250 2211 2280 ut
2236 2254 2259 2278 a
2285 2240 2455 2291 scripto·

242 2295 360 2333 ribus
383 2292 489 2331 illud
517 2292 693 2345 Augusti
717 2291 801 2329 iter
825 2292 1239 2331 commemorantibus
1271 2291 1458 2345 Aeginae
1487 2291 1600 2330 nulla
1623 2294 1733 2330 facta
1763 2294 1819 2331 sit
1847 2294 2018 2331 mentio.

352 2373 416 2408 1⁴.
445 2364 792 2417 wyttenbachius
813 2366 866 2404 ad
882 2366 923 2405 h.
951 2366 978 2405 l.
998 2367 1100 2406 haec
1123 2367 1306 2418 scripsise
1337 2366 1566 2417 „Euryclea
1583 2367 1936 2407 Lacedaemonius
1958 2367 2028 2407 hic
2048 2378 2126 2413 est,
2157 2368 2231 2421 qui
2254 2361 2452 2418 inpugna

244 2421 298 2461 ad
320 2421 485 2461 Actium
506 2434 581 2473 pro
610 2419 783 2470 Caesare
810 2418 1011 2459 dimicans
1042 2421 1247 2476 egregiam
1276 2433 1441 2472 operam
1466 2422 1634 2460 navavit
1659 2431 1700 2460 et
1724 2421 1953 2460 Antonium
1986 2422 2216 2475 fugientem
2244 2421 2452 2458 insecutus

245 2484 307 2514 est
318 2487 336 2515 t·
359 2489 400 2514 v.
420 2474 664 2513 Plutarchus
686 2474 729 2510 in
750 2470 837 2511 vit.
858 2473 1016 2513 Anton.
1037 2488 1071 2512 c.
1093 2481 1159 2515 68.
1210 2474 1301 2512 Nec
1320 2474 1508 2513 diversus
1531 2475 1696 2513 videtur
1720 2488 1806 2512 esse
1831 2476 1890 2522 is,
1920 2477 1994 2527 qui
2025 2475 2134 2526 apud
2157 2474 2362 2513 Herodem
2382 2473 2453 2511 Ju-

246 2528 440 2568 dacorum
460 2543 595 2583 regem
611 2526 829 2583 gratiosus,
851 2523 969 2566 filios
990 2541 1012 2574 e
1030 2543 1077 2568 us
1098 2526 1384 2568 calumniando
1404 2528 1447 2567 in
1465 2529 1683 2581 capitalem
1701 2528 1900 2569 invidiam
1917 2528 2104 2575 adduxit,
2126 2527 2314 2582 cognitus
2330 2524 2453 2564 uobis

246 2594 301 2620 ex
316 2582 692 2636 Jos'ephoAntiqu.
707 2580 800 2622 Jud.
823 2580 943 2620 Libr.
958 2579 999 2618 X
1028 2580 1074 2638 ΗῙ.
1088 2597 1122 2621 c.
1141 2589 1205 2625 10.
1223 2588 1277 2634 1.,
1294 2582 1368 2620 ubi
1391 2584 1511 2621 etiam
1528 2582 1681 2621 dicitur
1699 2593 1845 2635 postea
1865 2583 1928 2622 bis
1949 2598 1970 2622 e
1991 2584 2121 2635 patria
2142 2580 2454 2620 Lacedaemone

247 2636 448 2689 expulsus
467 2642 577 2676 esse:
604 2643 646 2675 'et
663 2632 766 2682 Bell.
793 2631 885 2676 Jud.
913 2632 1042 2690 Lib&
1063 2633 1351 2690 1.'o..16.24.:
1382 2636 1442 2683 δὶς
1465 2638 1556 2688 γοῦν
1581 2636 1640 2676 ἐπὶ
1666 2637 1869 2689 Καίσαρος
1891 2635 2165 2688 κατηγορηθεὶς
2190 2634 2250 2676 ἐπὶ
2276 2630 2456 2687 τῷγε-τοὶ-

246 2692 343 2735 neme
369 2687 388 2728 ἔ
417 2691 559 2741 πλῆἀάι
575 2686 653 2742 ‘rifi'
669 2687 827 2742 Ἀχαΐαν
847 2689 910 2727 καὶ
931 2682 1116 2741 nequities?
1139 2686 1367 2737 τᾶςπόλεις,
1394 2687 1657 2742 φυγαδεύεται.
1714 2692 1913 2729 Meminit
1931 2700 1971 2727 et
1992 2689 2153 2736 Strabo,
2180 2697 2230 2739 ut
2248 2688 2454 2740 principis

246 2740 363 2779 Lace
416 2742 767 2783 emon‘iortm‘sua
786 2751 934 2792 aetate,
953 2738 1205 2782 Libkxvm.
1229 2756 1265 2782 c.
1286 2748 1322 2783 5.
1345 2741 1382 2795 ξ.
1402 2750 1440 2783 2.
1457 2755 1498 2786 et
1519 2743 1555 2797 ξ.
1576 2750 1633 2785 5.:
1662 2744 1813 2798 quri
1840 2743 1875 2783 δ’
1900 2741 2100 2795 Εέρυκλῆς
2115 2738 2272 2793 :chronic-
2295 2734 2454 2794 ἔτᾷρᾳξε

246 2791 365 2841 δόξας
390 2792 688 2851 ᾄποχρήσασθαι
714 2798 764 2850 τῇ
790 2796 988 2847 Καίσαρος
1014 2795 1123 2849 φιλίᾳ
1149 2795 1247 2846 πέρα
1272 2794 1343 2836 τοῦ
1367 2797 1523 2850 μετρίου
1551 2797 1646 2847 πρὸς
1658 2797 1739 2848 τὴν
1765 2795 1981 2836 ἐπιστασίαν
2008 2790 2151 2837 αὐτῶν.
2205 2795 2298 2835 Nec
2339 2808 2454 2846 prae·

245 2847 362 2888 seriit
389 2859 481 2886 eum
508 2849 721 2889 Mennim
749 2849 802 2888 de
826 2850 978 2902 Regno
999 2848 1152 2888 Laced.
1180 2849 1296 2888 xxl.
1321 2862 1363 2903 p.
1393 2856 1460 2890 96.
1513 2851 1647 2904 Igitur
1674 2851 1717 2887 in
1746 2863 1826 2886 una
1854 2849 2016 2886 illarum
2040 2848 2367 2896 accusationum,
2396 2850 2455 2898 ju-

246 2898 340 2942 dice
355 2900 545 2952 Caesare,
570 2913 791 2949 accusator
809 2918 861 2946 ex
876 2902 1069 2945 Brasidae
1086 2902 1263 2956 posteris
1280 2903 1467 2953 ultimus,
1496 2904 1541 2943 in
1559 2903 1780 2955 Euryclem
1799 2901 2014 2952 invehens,
2045 2903 2086 2942 ei
2101 2901 2297 2942 Brasidae
2312 2901 2451 2941 laudes
