2713 3226
247 93 347 158 '²2

256 233 500 289 ἀποδοῦναι’
523 247 600 286 μοι
629 227 891 273 &aeneidem
916 228 992 288 τὴν
1018 226 1213 292 ἕβδόμῃ·
1250 221 1321 277 δὶὸ
1346 221 1570 285 W
1592 225 1994 288 ,ἆπῦβυ-ὰᾶωσε·
2013 228 2294 288 φθόρους.
2312 232 2367 278 ἑὲ
2375 263 2390 284 ,
2429 231 2499 278 ὅτι

256 301 343 349 aa.
378 294 470 342 aaa
503 292 722 352 amam
755 293 982 350 moram
1013 289 1253 342 &nmmos
1286 281 1412 342 ὀὕτω
1443 288 1567 342 εστι.
1600 290 1908 353 mentm-‚20
1940 292 2014 345 aaz
2037 291 2219 359 (μέτρια,
2237 292 2499 356 κωφή...

259 360 476 479 3¹80&ss-
530 432 752 484 Πείσωνος
789 430 854 477 δὲ
872 429 950 489 ’τήν
982 427 1123 474 οἰκίαν
1144 426 1193 474 ὲκ
1216 424 1431 483 &malm
1456 405 1556 484 ἔχοι
1580 425 1727 485 πάσης
1751 430 1900 488 may-515⁴
1922 432 2136 488 ὺημελός
2158 434 2493 489 οἰκοδομοῦντος

259 497 461 553 munos
484 495 611 554 εἴφη)
635 513 692 551 μο
715 499 881 547 ποιεῖς,
902 492 1037 545 οὕτως
1062 492 1323 557 οἰκοδομῶν,
1348 489 1407 544 ὥς
1432 488 1575 536 ἀϊδίου
1597 494 1675 549 τῆς
1694 490 1854 551 Ῥώμης
1877 494 2092 555 ἐσομένης.
2206 500 2215 514 ’

456 614 469 625 ·
494 596 560 643 Π.
625 593 1004 641 Plutarchus
1034 593 1099 640 in
1128 591 1249 641 vit.
1282 591 1471 641 Cicer.
1504 605 1547 638 c.
1579 590 1663 638 49.
1693 589 1826 639 vol.
1856 588 1945 640 lv.
1980 611 2032 657 p.
2064 595 2176 660 842.
2210 596 2270 644 R.

414 677 698 731 Πυνθάνομαι
724 678 773 720 δὲ
798 674 1001 733 Καίσαρα
1026 673 1193 735 χρόνοις
1218 676 1396 726 πολλοῖς
1419 672 1589 733 ὕστερον
1615 671 1820 741 σῖξελθοῖν
1846 673 1960 734 πρὸς
1997 673 2070 720 ἕνα
2101 680 2186 720 τῶν
2220 679 2499 736 θύγαὲριδῶγ,

260 745 334 791 τὸν
360 742 409 787 δὲ
433 740 599 797 stafilius·
626 739 776 794 ἔχοντα
801 741 1039 795 Κικέρωνος
1058 741 1104 784 ἐν
1123 744 1219 791 ταῖς
1235 738 1377 796 χερσὶν
1396 738 1650 798 ἐκπλαγέντα
1667 740 1729 795 τῷ
1745 736 1901 795 ἱματίῳ
1919 738 2262 798 περικαλύπτειν·
2292 740 2432 786 ἲδόντα
2451 742 2500 786 δὲ

261 807 465 863 Καίσαρα
481 807 627 859 λαβεῖν
645 805 716 848 καὶ
737 807 924 859 διελθεῖν
946 802 1106 847 ἑστῶτα
1124 804 1253 861 μέρος
1276 803 1388 846 πολὺ
1408 805 1482 844 τοῦ
1499 801 1676 855 βιβλίου,
1704 800 1899 846 πόλινδ’
1922 801 2182 847 ἀποδιδόντα
2205 805 2268 862 τῷ
2290 804 2497 866 μειρακίῳ

263 869 412 930 φάναι·
439 867 633 927 »Λόγιος
660 865 790 927 ἁνὴρ,
820 863 856 911 ὦ
882 870 986 921 παῖ,
1013 867 1154 925 λόγιος
1176 867 1246 912 καὶ
1272 866 1574 924 φιλόπατρις.“

263 981 514 1043 objiciebat.
572 988 627 1027 At
660 988 740 1027 hae
775 986 919 1026 laudes
949 985 1057 1038 apud
1086 984 1373 1035 Thucydidem
1399 985 1667 1038 consignatae
1696 983 1893 1025 desinunt
1919 986 2026 1025 libro
2055 987 2135 1026 V.“
2188 988 2434 1030 Plutarchus
2460 989 2502 1028 h.

262 1048 293 1084 l.
323 1045 448 1082 aliam
471 1052 638 1082 secutus
668 1052 731 1080 est
759 1042 958 1078 librorum
990 1038 1251 1089 Thucydidis
1281 1038 1631 1085 distributionem,
1662 1037 1714 1089 de
1742 1052 1836 1092 qua,
1863 1048 2031 1092 praeter
2049 1041 2086 1082 J.
2107 1041 2157 1082 A.
2180 1042 2364 1082 Fabricii
2386 1042 2500 1084 Bibl.

260 1090 341 1137 Gr.
353 1098 404 1138 ‘V
407 1100 461 1136 ol.
488 1091 544 1135 ΙΙ.
573 1108 614 1148 Ρ.
638 1099 730 1136 723.
758 1094 828 1142 Η.,
856 1091 1046 1133 videatur
1067 1093 1211 1146 Poppo
1241 1092 1285 1130 in
1313 1092 1547 1145 Prolegom2
1579 1091 1768 1143 Thucyd.
1796 1092 1896 1145 Cap.
1918 1092 1967 1134 V.
1995 1095 2103 1133 Part.
2122 1095 2156 1134 I.
2186 1088 2281 1136 Vol.
2302 1097 2335 1134 Ῑ.
2364 1109 2405 1150 Ρ.
2431 1101 2500 1137 74.

260 1165 352 1205 sqq.
372 1174 428 1183 —
460 1153 509 1190 V.
541 1149 753 1188 ἀποδοῦναι
781 1146 1134 1198 Wyttenbachius
1163 1145 1319 1198 accipit
1346 1148 1521 1200 resen-0,
1547 1160 1733 1197 mnas-e,
1757 1150 1929 1188 recitas-e.

372 1231 436 1266 15.
464 1224 569 1262 Cum
600 1225 682 1261 alia
712 1222 868 1260 indicia
898 1221 1057 1267 desint,
1092 1220 1445 1271 Wyttenbachius
1473 1229 1597 1273 putat
1622 1219 1666 1260 h.
1693 1222 1723 1261 l.
1753 1219 1839 1260 dici
1880 1219 1960 1264 Cn.
1998 1220 2267 1276 Calpurnium
2303 1216 2501 1266 Pisonem

262 1278 359 1318 Cos.
388 1278 445 1318 11.
483 1291 518 1318 a.
548 1276 602 1316 U.
633 1276 684 1318 C.
711 1281 805 1317 747.
862 1274 997 1328 Quem
1026 1288 1121 1314 cum
1147 1274 1505 1324 wyttenbachius
1535 1277 1722 1324 appellat
1758 1276 1910 1313 iterum
1949 1275 2201 1325 consulem,
2237 1285 2408 1318 secutus·
2440 1287 2502 1318 est

262 1333 449 1379 Iudicem
479 1331 598 1370 Coss.
623 1330 893 1382 praemissum
923 1329 1081 1366 Dionis
1110 1327 1246 1366 Cassii
1274 1328 1410 1365 Libro
1438 1326 1536 1368 LV.
1561 1326 1612 1365 ad
1641 1341 1678 1368 a.
1705 1326 1759 1369 U.
1783 1327 1838 1367 C.
1862 1333 1954 1369 747.
1982 1329 2079 1370 Vol.
2107 1330 2185 1372 111.
2213 1345 2253 1383 p.
2280 1338 2370 1376 330.
2394 1333 2501 1372 Stra.

264 1385 387 1425 Prior
417 1388 505 1436 ejus
534 1381 776 1423 consulatus
805 1382 1002 1421 asseritur
1030 1394 1139 1420 anuo
1170 1382 1226 1420 U.
1255 1381 1305 1419 C.
1328 1387 1421 1433 731.
1452 1381 1576 1418 etiam
1604 1381 1655 1417 ab
1685 1381 1837 1431 Lipsio
1867 1391 1910 1419 et
1936 1383 2133 1422 Erus-tio
2157 1383 2209 1421 ad
2231 1384 2372 1422 Taciti
2392 1386 2501 1425 Ann-

264 1437 386 1478 Libr.
415 1438 492 1476 111.
521 1451 555 1474 c.
589 1444 653 1477 12.
707 1436 765 1473 At
793 1436 871 1473 ista
899 1435 1105 1472 sententia
1136 1444 1255 1485 quam
1287 1432 1409 1471 dubia
1439 1433 1495 1470 sit
1529 1445 1577 1470 ac
1613 1441 1904 1481 controversa,
1943 1434 2130 1475 ostendit
2155 1438 2245 1476 Iac}
2272 1438 2399 1477 Ποίαν.
2427 1451 2502 1477 van

263 1493 442 1538 mm,
482 1490 690 1536 Batavus,
732 1489 776 1525 in
804 1489 1021 1537 Disputat.
1054 1486 1105 1523 de
1135 1487 1188 1536 Q.
1219 1486 1388 1522 Horatii
1417 1486 1557 1521 Flacci
1585 1485 1725 1536 Epist.
1754 1485 1805 1522 ad
1833 1487 2005 1525 Pisones
2035 1487 2138 1541 Cap.
2167 1489 2248 1530 ῙῙῙ.
2271 1495 2409 1542 p.·89.
2437 1504 2498 1544 sq.

265 1545 417 1597 Neque
446 1555 524 1597 ego
555 1541 748 1580 idoneam
771 1539 896 1580 video
938 1547 1144 1589 caussam,
1186 1538 1236 1577 ob
1270 1552 1390 1590 quam
1427 1536 1537 1576 hunc
1572 1538 1838 1589 potissimum
1873 1540 2067 1579 Pisonem
2105 1543 2365 1583 intellectum
2397 1545 2502 1583 velit

264 1597 641 1648 wyttenbachius,
683 1598 798 1632 nulla
827 1595 915 1631 fere
945 1594 1026 1630 alia
1055 1606 1099 1630 re
1129 1593 1344 1644 cognitum
1373 1591 1455 1629 nisi
1485 1591 1688 1643 Hispania
1716 1591 1937 1637 ambitiose
1962 1605 2163 1648 avareque
2189 1594 2331 1637 habita
2360 1605 2403 1636 et
2438 1596 2501 1638 in.

267 1650 446 1689 imicitia
474 1648 733 1695 Germanici,
772 1661 893 1701 quem
924 1656 966 1685 et
992 1660 1155 1685 veneno
1185 1645 1404 1684 sustulisse
1429 1643 1612 1684 creditus
1639 1645 1818 1698 ideoque
1847 1647 1958 1699 apud
1986 1647 2183 1687 Senatum
2197 1664 2299 1698 reus
2328 1660 2501 1689 mortem

267 1705 350 1744 sibi
379 1705 471 1755 ipse
500 1703 710 1741 conscivit
739 1715 775 1741 a.
809 1702 861 1739 U.
894 1700 940 1739 C.
968 1706 1060 1741 773.
1088 1714 1128 1738 v.
1159 1700 1331 1737 Tacitus
1361 1699 1468 1738 Anu.
1497 1698 1616 1736 Libr.
1655 1699 1731 1740 111.
1771 1713 1805 1738 c·
1839 1707 1893 1742 *12
1917 1722 1964 1732 --
1992 1707 2055 1741 16.
2109 1702 2300 1742 Laudata
2338 1704 2410 1743 illa
2449 1704 2500 1743 ah

266 1759 460 1812 Augusto
492 1755 744 1795 aedificandi
774 1755 1087 1808 magnificentia
1115 1754 1190 1793 vix
1221 1754 1415 1805 cuiquam
1443 1753 1573 1806 magis
1603 1754 1812 1800 convenit,
1843 1767 1964 1806 quam
1992 1756 2045 1793 L.
2070 1755 2308 1808 'Calpurnio
2337 1758 2500 1805 Pisoni,

268 1815 386 1863 cujus
414 1821 534 1862 pater
561 1812 615 1848 L.
643 1811 741 1847 Piso
781 1808 887 1849 Julii
917 1805 1104 1846 Caesaris
1134 1820 1251 1845 socer
1278 1807 1438 1846 fuerat:
1466 1821 1504 1844 v.
1528 1806 1703 1858 Lipsius
1733 1806 1785 1856 ad
1815 1808 2090 1848 TacitiAnn.
2118 1810 2238 1849 Libr.
2271 1811 2343 1851 VI.
2377 1825 2412 1850 ο.
2439 1817 2502 1851 10.

270 1857 432 1904 Consul
461 1874 549 1903 erat
576 1877 612 1904 a.
643 1864 693 1903 U.
723 1865 765 1903 C.
794 1869 904 1910 739„
932 1871 1037 1901 teste
1065 1861 1210 1899 Dione
1239 1859 1352 1898 Cass.
1383 1861 1505 1900 Libr.
1533 1861 1643 1910 Lly.
1673 1874 1706 1898 c.
1733 1867 1800 1900 21.
1855 1862 2041 1914 Legatos
2070 1864 2247 1916 Augusti
2275 1877 2351 1915 pro
2391 1864 2500 1902 Gon.

268 1921 359 1957 sule
388 1927 576 1969 praeerat
602 1916 874 1967 Pamphyliae
902 1929 937 1952 a.
970 1916 1023 1951 U.
1054 1914 1101 1952 C.
1129 1918 1221 1954 742.
1252 1922 1294 1950 et
1323 1926 1413 1950 cum
1441 1912 1607 1959 Bessis,
1646 1912 1854 1954 Thracias·
1877 1917 2061 1967 populo,
2102 1917 2403 1956 atrocissimum
2432 1932 2500 1971 ge·

268 1971 387 2011 rebat
415 1971 572 2010 bellum
600 1983 734 2022 eoque
762 1978 860 2021 post
887 1968 1112 2007 triennium
1141 1966 1363 2019 profligato
1392 1966 1516 2004 Asiae
1545 1976 1587 2003 et
1610 1967 1883 2006 Macedoniae
1910 1982 2052 2020 pacem
2080 1979 2122 2009 et
2149 1972 2410 2010 securitatem
2439 1983 2500 2009 re·

269 2026 410 2065 stituit
437 2039 472 2063 a.
505 2025 559 2062 U.
590 2023 637 2062 C.
662 2028 755 2063 745.
811 2022 861 2059 In
888 2022 995 2059 hanc
1024 2020 1330 2072 expeditionem
1360 2028 1525 2057 exstant
1551 2020 1859 2072 Epigrammata
1883 2021 2092 2073 Antipatri
2120 2023 2501 2064 Thessalonicensis

267 2080 313 2117 in
341 2080 464 2118 Anal.
492 2078 563 2118 Br.
592 2077 708 2117 Tom.
733 2076 789 2115 11.
818 2090 858 2127 p.
880 2081 947 2115 97.
970 2088 1061 2126 sqq.
1079 2077 1131 2113 cl.
1150 2072 1333 2114 Jacobsii
1352 2072 1575 2112 Animadv.
1608 2074 1698 2112 Vol.
1717 2074 1772 2112 11.
1794 2074 1839 2112 P.
1865 2081 1900 2114 1.
1922 2088 1962 2126 p.
1984 2081 2074 2115 293.
2096 2090 2181 2130 sqq.
2240 2078 2306 2117 Ob
2336 2076 2499 2117 easdem

269 2145 335 2170 res
363 2134 573 2184 praeclare
602 2140 736 2184 gestas
767 2129 806 2168 ei
835 2128 1089 2179 supplicatio
1120 2126 1282 2165 decreta
1312 2135 1375 2164 est
1404 2135 1447 2164 et
1475 2126 1747 2179 triumphales
1774 2126 1974 2175 honores,
2009 2139 2057 2168 ut
2083 2137 2246 2183 praeter
2276 2132 2387 2176 alios
2408 2144 2500 2170 me·-

269 2187 427 2224 moriae
453 2185 597 2236 prodit
623 2185 712 2222 Dio
741 2182 852 2222 Cass.
880 2183 1001 2219 Libr.
1023 2181 1139 2219 LIV.
1167 2195 1199 2218 c.
1222 2185 1286 2219 34.
1318 2180 1418 2231 ibiq.
1447 2194 1486 2218 v.
1516 2180 1702 2231 Interpp.
1732 2179 1824 2223 Vol.
1847 2181 1918 2221 VI.
1946 2195 1987 2234 p.
2012 2189 2100 2224 139,
2121 2184 2227 2224 Strz.
2282 2185 2498 2223 Postremo

270 2238 378 2276 Urbi
405 2238 642 2290 praefectus
668 2246 732 2277 est
759 2250 782 2275 a
811 2235 1000 2285 Tiberio,
1028 2233 1155 2287 idque
1183 2245 1331 2272 munus
1361 2247 1516 2271 summa
1547 2247 1637 2271 cum
1666 2233 1790 2272 laude
1818 2234 2123 2277 administravit
2153 2238 2204 2276 ad
2233 2238 2355 2277 vitae
2369 2252 2417 2278 us
2447 2251 2500 2276 ue

268 2292 422 2330 finem:
454 2292 563 2329 obiit
589 2301 726 2330 autem
753 2291 1009 2343 octogesimo
1040 2288 1189 2327 aetatis
1220 2300 1330 2325 anno
1359 2286 1401 2325 h.
1429 2299 1463 2327 e.
1491 2300 1601 2325 anno
1626 2287 1675 2325 U.
1698 2287 1742 2326 G.
1767 2293 1858 2330 785.
1888 2303 1926 2328 v.
1952 2290 2041 2329 Dio
2063 2289 2176 2330 Cass.
2199 2290 2320 2330 Libr.
2340 2251 2499 2332 LV³1L

270 2358 305 2383 c.
338 2350 405 2384 19.
461 2345 631 2382 Tacitus
658 2345 767 2383 Anu.
795 2345 913 2381 Libr.
942 2343 1016 2382 VI.
1047 2356 1082 2382 c.
1106 2348 1171 2382 11.
1191 2363 1244 2370 —
1271 2341 1344 2380 Vir
1371 2340 1458 2378 fuit
1483 2340 1705 2394 singularis
1733 2341 1908 2395 ingenii,
1939 2347 2059 2396 cujus
2088 2354 2276 2384 naturam
2305 2354 2347 2384 et
2362 2358 2501 2385 mores

268 2397 448 2452 pulchre
473 2398 664 2450 depinxit
686 2398 870 2449 Velleius
891 2398 1049 2436 Patere.
1071 2396 1192 2435 Libr.
1210 2394 1267 2434 11.
1297 2408 1333 2434 c.
1353 2400 1416 2435 98.
1445 2395 1482 2439 0.
1503 2399 1540 2435 3.
1565 2404 1607 2433 et
1626 2395 1777 2433 Seneca
1805 2397 1939 2450 Epist.
1959 2403 2024 2439 83.
2049 2401 2086 2446 §-
2109 2403 2173 2438 12.
2226 2397 2320 2437 Etsi
2341 2398 2499 2438 nullius

269 2452 438 2491 servilis
475 2452 708 2491 sententiae
743 2461 908 2498 auctor,
946 2459 994 2489 ut
1031 2449 1202 2488 Tacitus
1241 2449 1351 2489 Ann.
1388 2447 1488 2486 Lib.
1531 2447 1601 2488 VI.
1633 2463 1669 2490 c.
1700 2455 1762 2489 10.
1791 2444 1865 2499 ait,
1895 2460 2032 2490 tamen
2060 2451 2240 2505 Augusti
2268 2461 2310 2490 et
2338 2450 2500 2491 Tiberii

271 2506 445 2561 gratiam
475 2519 552 2559 per
581 2504 824 2543 diuturnum
851 2505 1058 2542 retinebat
1085 2513 1265 2555 tempus,
1295 2512 1488 2540 strenuus
1516 2502 1561 2540 in
1589 2516 1756 2555 munere
1786 2503 1994 2552 obeundo,
2025 2501 2500 2558 otiosus‘autempo‘tui
2573 2519 2578 2525 ’

271 2569 313 2598 et
341 2560 478 2611 epulis
507 2558 735 2614 mirum'in
764 2556 929 2594 modum
956 2557 1197 2611 indulgens,
1229 2566 1278 2594 ut
1306 2556 1501 2593 Tiberius
1532 2569 1624 2594 eum
1653 2556 1996 2609 jucundissimum
2021 2566 2065 2597 et
2092 2558 2273 2597 omnium
2306 2557 2500 2598 horarum

272 2612 447 2651 amicum
475 2625 565 2653 esse
592 2612 881 2665 profiteretur,
907 2619 1011 2649 teste
1032 2610 1232 2649 Suetonio
1262 2625 1296 2648 c.
1327 2616 1393 2649 42.
1450 2609 1563 2647 Huic
1591 2623 1756 2703 qlpoque
1781 2611 1933 2649 Pisoni
1955 2609 2127 2664 ejusque
2154 2612 2260 2651 filiis
2287 2612 2501 2666 inscripsit

272 2666 476 2707 Horatius
502 2667 721 2720 epistolam
752 2663 804 2702 de
832 2667 932 2701 Arte
959 2663 1145 2711 raetica,
1183 2665 1217 2702 si
1243 2662 1528 2716 Porphyrioni
1555 2663 1608 2703 So
1634 2664 1814 2705 'oliastae
1840 2663 1950 2703 fides
1971 2673 2056 2715 est,
2086 2678 2207 2719 quam
2235 2668 2500 2720 amplectitur

272 2719 543 2758 Drumannus
570 2721 614 2759 in
643 2720 753 2759 Hist.
782 2718 962 2756 Roman.
993 2716 1110 2755 Tom.
1138 2717 1193 2755 11.
1220 2731 1261 2769 Ρ.
1292 2724 1357 2758 80.
1386 2730 1447 2771 sq.
1511 2756 1533 2770 ³

381 2793 437 2833 11.
476 2794 531 2832 H.
557 2797 586 2833 l.
613 2790 741 2847 λόγιος
768 2808 856 2834 non
884 2803 968 2833 t-am
996 2791 1167 2846 dodun,
1195 2796 1358 2842 pen-iana
1397 2792 1613 2846 significat
1649 2807 1771 2846 quam
1796 2792 1996 2841 denum,
2031 2795 2283 2846 alomenu
2310 2794 2362 2834 de
2389 2808 2430 2848 q.
2457 2809 2498 2835 v.
2568 2813 2578 2819 „

271 2847 357 2889 vid.
384 2847 613 2887 Creuzerus
645 2849 689 2886 in
711 2849 829 2889 libra
865 2849 1019 2888 Πίσων.
1040 2847 1167 2887 Kana
1187 2845 1256 2885 des·
1279 2843 1458 2890 Griodm
1481 2859 1524 2899 1>-
1546 2853 1636 2890 173.
1663 2860 1726 2900 sq.
1756 2855 1800 2887 et
1821 2851 1914 2889 176.
1943 2860 2005 2900 sq·
2060 2848 2184 2889 Verte
2195 2862 2215 2889 ε·
2229 2848 2419 2902 Eloque
2439 2848 2501 2889 Be
