2713 3226
2366 112 2452 172 49

225 257 282 301 τὰ
303 256 564 315 pest-affe
587 257 1323 316 mweoe'savssssmztoeva‘ssanpfflo
1342 256 1473 313 μηδὲν
1503 258 1697 300 τοιοῦτον
1722 258 1884 314 δρᾶσαι.
1936 254 1992 308 ὥς
2028 255 2066 302 δ’
2102 255 2177 311 οὔχ
2213 255 2451 315 ὑπήκουσεν

227 318 359 379 effu-45,
375 324 526 381 ι,,ῳέρο
551 321 838 380 (impurdano
860 318 992 367 τᾶλλα
1009 322 1256 378 ἐκπώματα,
1286 320 1366 366 ὅσα
1393 320 1499 364 ποτὲ
1520 320 1845 376 τοιουτότροπα,
1884 317 1913 376 ἢ
1937 322 2008 362 καὶ
2035 321 2156 378 ἕτερά
2187 339 2282 366 τινα
2309 322 2451 377 ἔντιμα

224 386 463 443 mr
481 384 1008 442 boecdtofg'xffooepsau“
1044 388 1116 429 καὶ
1137 385 1247 429 αὐτὰ
1262 384 1529 436 μκομισθέντα
1562 388 1830 440 συντριβῆναι
1866 384 2087 427 ἐκέλευσεν.
2122 384 2221 429 ἰδὼν
2254 387 2303 431 δὲ·
2326 392 2452 432 τοῦτο

226 448 402 502 ἐκεῖνος,
445 444 936 506 mpie'rv'ffvzfflsvi,
955 445 1062 494 οὔτε
1086 449 1234 494 deso&
1256 444 1431 497 bbgsi‘ra
1458 444 1662 503 ποτηρίου
1689 447 1801 504 πρὸς
1825 446 1875 491 τὸ
1904 447 2073 503 πλῆθος
2099 451 2181 490 τῶν
2207 446 2343 493 ἄλλων
2368 453 2452 494 τῶν

226 510 511 557 ἀπολωλότων
537 508 663 569 ὀργὴν
683 510 797 566 ἔχων,
821 509 905 557 οὔτ’
928 510 982 556 αὖ
1003 514 1076 557 τὸν
1095 511 1289 556 διάκονον
1311 504 1369 552 ὧν
1391 526 1436 565 γε
1455 511 1526 552 καὶ
1548 508 1571 553 ὅ
1592 508 1841 568 Αὔγουστος
1864 510 2107 568 ἐπεποιήκει
2125 514 2450 569 τιμωρήσασθαι

226 574 679 634 δυνάμεκοςρἡσυαίαν
699 577 778 621 καὶ
793 574 913 634 ἔζων·
926 573 1083 634 ἦχθαι..
1134 610 1155 626 ι,-
1178 598 1199 612 ·ψ

643 732 647 739 ,
706 697 888 746 XLIII„
951 697 1066 745 Dio
1109 695 1359 744 Cassius
1403 694 1580 741 Libr.
1622 694 1751 742 LIV.
1796 712 1838 743 e.
1881 697 1961 743 17.

233 815 337 840 ι
365 769 493 834 Ὥστε
513 772 808 846 ἐἰηᾶἶιηρὸς
834 774 1158 846 τὴνπᾶκρζβειάν
1182 781 1263 829 τῶν
1296 773 1433 820 ι’ίλλων
1466 775 1595 821 αὐτοῦ
1622 778 1977 834 νομοθετημάτων
2008 775 2187 834 ἤχθοντό
2214 797 2330 832 τινες,
2356 781 2448 825 ἀλλ’

223 840 312 887 ὑπό
347 837 393 887 τε
421 824 672 887 τέὸὶλτόυἶεάἰ
690 830 788 886 ””ο”ἰ·ιἢ
804 833 1007 901 Ἡὺλᾶᾇην
1035 833 1131 902 assitis
1164 839 1367 901 ᾆρχηστὴν
1395 842 1476 884 διὰ
1506 841 1661 885 ,στάσιν
1694 839 1991 898 ἐξεληλαμένον
2024 843 2273 900 κατήγαγεν,
2317 845 2447 892 οὐκέτ’

224 906 392 950 ἐκείνων
420 908 660 962 ἐμέμνηντο.
695 905 800 949 ὅθεν
820 923 902 962 περ
922 905 1032 949 πάνυ
1054 909 1198 962 σοφῶς
1217 903 1240 949 ὁ
1261 904 1480 961 Πυλάδης,
1510 905 1814 960 ἕπιτιμώμενος
1839 904 1910 950 ὑπ’
1941 904 2086 957 αὐτοῦ,
2113 908 2209 951 ἐπεὶ
2238 910 2448 968 Βαθύλλω

221 967 435 1027 ὁμοτέχνῳ
461 971 510 1013 τέ
530 968 572 1013 οἶ
600 966 710 1020 ἷίντι,
747 970 819 1013 καὶ
844 973 904 1026 τῷ
931 969 1130 1030 Μαικήνᾳ
1158 968 1418 1026 προςὴκοντι,
1447 968 1750 1023 διεστασίαζεν,
1782 969 1916 1013 εἰπεῖν
1944 971 2102 1026 λέγεται
2130 970 2196 1014 ὅτι
2212 974 2450 1030 „avum-{pec

225 1049 295 1077 σοι
304 1066 317 1085 ,
349 1037 544 1093 Καῖσαρ,
580 1035 681 1091 περὶ
715 1032 825 1091 ἡμᾶς
849 1035 921 1078 τὸν
948 1036 1078 1091 δῆμον
1108 1032 1539 1091 ἆποδιατρι’βεσθαι.“

634 1153 807 1201 XLIV.
871 1138 1228 1201 Macr‘obius
1280 1153 1537 1200 Saturn.
1584 1152 1761 1201 Libr.
1803 1154 1868 1200 11.
1910 1170 1951 1202 ο.
1993 1157 2042 1202 7.

377 1238 477 1286 Sed
510 1239 624 1301 quia
648 1240 806 1297 ,semel
836 1239 1074 1301 ingressus
1106 1253 1214 1285 sum
1239 1252 1429 1285 scenam
1459 1239 1719 1299 loquendo,
1752 1255 1844 1285 nee
1877 1239 2081 1299 Pylades
2114 1240 2282 1288 histrio
2308 1243 2449 1289 nobis

224 1304 515 1362 omittendus
548 1308 635 1363 est,
668 1303 754 1365 qui
786 1304 940 1350 clarus
971 1303 1025 1349 in
1056 1317 1203 1366 opere
1232 1318 1322 1349 suo
1352 1301 1441 1349 fuit
1471 1303 1769 1373 temporibus
1790 1304 2001 1367 Augusti,
2035 1310 2082 1350 et
2103 1305 2277 1364 Hylam
2308 1308 2451 1354 disci·

226 1453 567 1507 quemadmodum
597 1453 699 1491 fecit
728 1452 848 1490 divus
875 1453 1099 1504 Augustus,
1128 1465 1250 1503 quum
1282 1462 1475 1489 coenaret
1496 1451 1605 1504 apud
1628 1452 1801 1489 Vedium
1823 1453 2069 1491 Pollionem.
2125 1456 2322 1506 Fregerat
2339 1470 2445 1496 unus

225 1521 278 1545 ex
306 1509 435 1546 servis
467 1511 553 1557 ejus
581 1507 890 1555 crystallinun13
930 1505 1018 1556 rapi
1048 1519 1139 1543 eum
1169 1504 1322 1543 Vedius
1352 1504 1494 1556 jussit,
1536 1518 1610 1542 nec
1638 1505 1797 1557 vulgari
1830 1505 1993 1557 quidem
2023 1506 2248 1558 periturum
2290 1518 2445 1548 morte:

224 1561 432 1600 muraenis
463 1560 591 1613 objici
618 1560 851 1611 jubebatur,
882 1572 981 1611 quas
1011 1559 1200 1612 ingentes
1230 1559 1273 1594 iu
1303 1558 1460 1610 piscina
1490 1559 1754 1606 continebat..
1800 1559 1903 1608 Quis
1933 1573 2016 1596 non
2037 1561 2116 1596 hoc
2140 1562 2257 1597 illum
2281 1573 2447 1611 putaret

222 1615 413 1653 luxuriae
441 1628 563 1652 causa
590 1613 757 1651 facere?
787 1614 962 1650 saevitia
993 1622 1093 1651 erat.
1149 1612 1297 1649 Evasit
1324 1625 1345 1648 e
1374 1611 1561 1649 manibus
1590 1625 1706 1662 puer,
1737 1621 1777 1649 et
1805 1612 1996 1665 confugit
2024 1611 2076 1651 ad
2101 1612 2285 1652 Caesaris
2302 1614 2444 1666 pedes,

221 1668 331 1706 nihil
358 1668 472 1707 aliud
497 1668 736 1719 petiturus„
755 1680 876 1718 quam
903 1675 950 1704 ut
974 1665 1094 1703 aliter
1122 1665 1276 1717 periret
1300 1676 1375 1702 nec
1391 1677 1492 1710 'esca
1523 1665 1660 1703 fieret.
1717 1665 1869 1703 Motus
1896 1676 1959 1704 est
1979 1667 2166 1705 novitate
2189 1667 2445 1708 crudelitatis

224 1720 388 1768 Caesar,
421 1731 463 1760 et
488 1722 607 1758 illum
636 1719 800 1771 quidem
830 1719 952 1766 mitti,
983 1719 1222 1768 crystallina
1251 1729 1388 1756 autem
1418 1719 1557 1755 omnia
1587 1732 1722 1755 coram
1752 1733 1795 1756 se
1823 1720 1957 1771 frangi
1986 1722 2127 1771 jussit,
2160 1724 2445 1774 complerique

222 1775 440 1825 piscinam.
495 1775 595 1814 Euit
625 1773 792 1811 Caesari
821 1772 881 1809 sic
911 1770 1173 1824 castigandus
1206 1772 1380 1810 amicus:
1411 1771 1516 1810 bene
1544 1785 1640 1810 usus
1667 1781 1729 1810 est
1757 1772 1915 1811 viribus
1945 1775 2074 1812 suis.“
2129 1774 2232 1811 Rem
2262 1788 2315 1813 ex
2343 1789 2443 1815 vero

223 1828 260 1866 si
294 1829 579 1873 aestimamus,
622 1828 665 1863 in
701 1826 842 1877 aprico
879 1835 964 1871 est,
1005 1826 1236 1878 Augustum
1278 1840 1361 1861 non
1400 1835 1479 1862 tam
1509 1825 1776 1863 humanitatis
1805 1839 1927 1864 sensu
1957 1826 2176 1865 adductum
2207 1829 2265 1865 ita
2295 1830 2443 1881 egisse,

224 1894 343 1932 quam
376 1891 423 1918 ut
449 1881 637 1918 Pollioni
668 1880 741 1917 isti
771 1893 885 1916 suam
913 1879 1041 1930 ipsius
1069 1879 1297 1929 potentiam
1330 1878 1565 1917 ostenderet
1594 1879 1638 1916 in
1669 1893 1843 1931 eumque
1871 1879 2063 1931 precibus
2092 1894 2176 1919 non
2212 1881 2445 1935 obsequen-

222 1942 304 1972 tem
335 1932 690 1981 animadverteret.
746 1933 889 1971 Multo
917 1932 1132 1969 honestius
1161 1944 1208 1969 ac
1235 1932 1429 1982 Principe
1459 1931 1649 1983 dignius,
1693 1933 1803 1983 quod
1843 1947 1933 1970 cum
1971 1935 2043 1970 ille
2081 1936 2204 1971 morti
2230 1937 2443 1985 proximus

222 1987 431 2040 jussisset,
471 1989 633 2039 populo
668 1996 715 2024 ut
750 1994 1031 2032 exstrueretur
1069 1998 1172 2036 opus
1211 1985 1377 2036 aliquod
1418 1984 1700 2036 splendidum,
1741 1985 1951 2038 Augustus
1981 1988 2065 2037 ejus
2097 1988 2232 2038 operis
2260 1988 2444 2028 faciendi

224 2041 378 2093 specie,
406 2054 449 2080 re
478 2041 569 2092 ipsa
598 2049 758 2086 autem,
789 2053 841 2077 ne
871 2038 983 2091 quod
1013 2039 1127 2076 illius
1157 2038 1200 2075 in
1228 2039 1340 2077 Urbe
1370 2047 1552 2077 exstaret
1580 2048 1884 2077 monumentum
1902 2066 1914 2085 ,
1948 2050 2102 2077 vastam
2133 2043 2220 2093 ejus
2248 2043 2444 2096 magnifi-

223 2108 396 2146 cumque
425 2093 591 2132 domum
620 2093 812 2132 funditus
840 2092 990 2131 evertit
1013 2101 1055 2130 et
1081 2092 1287 2143 porticum
1313 2091 1553 2130 aedificavit
1580 2105 1663 2129 non
1693 2093 1820 2138 Vedii,
1850 2093 1921 2131 sed
1948 2093 2083 2132 Liviae
2103 2096 2295 2134 nomine:
2326 2100 2444 2149 cujus

222 2149 285 2187 rei
314 2148 565 2187 mentionem
595 2148 710 2186 facit·
730 2145 910 2187 Ovidius
938 2148 1048 2184 Fast.
1078 2146 1197 2184 Libr.
1226 2146 1300 2185 VI.
1328 2160 1368 2185 v.
1398 2151 1491 2186 639.
1518 2159 1605 2197 sqq.
1637 2146 1690 2184 cs.
1719 2145 1913 2184 Sachsius
1942 2147 1985 2183 in
2012 2147 2142 2186 Gescls.
2161 2164 2201 2188 u.
2226 2149 2383 2190 Beaelm
2402 2151 2443 2190 d.

221 2204 290 2243 alt.
309 2202 424 2241 stadt
450 2201 559 2241 Rom.
598 2200 647 2241 P.
675 2199 731 2240 ῙῙ.
758 2215 799 2253 p.
832 2206 923 2240 121.
952 2213 1013 2251 sq.
1043 2222 1092 2230 —
1122 2200 1231 2237 Inter
1256 2202 1503 2252 templorum
1534 2199 1703 2237 donaria
1731 2200 1941 2238 invenitur
1969 2200 2068 2239 haec
2103 2201 2352 2255 Inscriptio:
2389 2204 2443 2243 P.

226 2255 386 2295 rafaim
404 2257 452 2296 Ρ.
477 2256 526 2294 F.
552 2254 675 2294 Pollio
704 2255 926 2294 emm-omn
956 2254 1057 2303 Imp.
1085 2254 1241 2293 Caesari
1268 2255 1444 2304 Augusto
1469 2263 1505 2292 et
1531 2255 1700 2294 coloniae·
1728 2254 2029 2295 Beneventanus:
2062 2268 2126 2307 ap.
2160 2255 2364 2295 Orellium
2393 2258 2441 2297 C.

222 2310 275 2351 V.
298 2313 336 2358 ς.
363 2315 430 2349 26.
457 2309 514 2348 N.
543 2312 687 2348 2509.·
2246 2310 2251 2315 “

328 2382 491 2423 XLIII.
519 2383 587 2420 De
613 2380 760 2432 Pylade
787 2388 831 2418 et
855 2380 1059 2432 Bathyllo,
1102 2379 1336 2419 saltationis
1376 2381 1697 2431 pantomimicae
1728 2381 1839 2433 apud
1869 2382 2086 2421 ‘Romanos
2123 2385 2359 2423 auctoribus
2397 2395 2441 2423 et

222 2432 499 2490 principibus,
528 2434 826 2485 videsis,'quae
852 2444 951 2485 post
978 2435 1193 2473 Zosimum
1220 2433 1337 2473 Libr.
1366 2434 1400 2472 1.
1432 2448 1467 2474 c.
1497 2440 1550 2482 6.,
1573 2434 1740 2473 suidam
1770 2445 1812 2474 et
1839 2434 2079 2475 Salmasium
2102 2437 2153 2475 ad
2173 2438 2341 2488 Vopisci
2362 2436 2441 2476 Ca·

222 2490 361 2529 riuum
390 2504 424 2529 c.
455 2495 520 2530 19.
548 2488 784 2541 nuperrime
810 2487 976 2538 scripsit
1004 2488 1224 2538 Grysarius
1253 2487 1296 2524 in
1326 2488 1437 2525 Mus.
1465 2488 1651 2526 Rhenan.
1680 2489 1738 2527 11.
1770 2495 1806 2528 1.
1835 2503 1878 2541 p.
1905 2496 1971 2530 73.
1995 2504 2082 2542 sqq.
2106 2514 2154 2522 —
2182 2491 2441 2530 Maecenatis

223 2543 347 2583 effusi
371 2544 418 2581 in
441 2542 632 2594 Bathylli
660 2553 839 2580 amorem
867 2540 1060 2579 meminit
1087 2541 1258 2578 Tacitus
1285 2541 1394 2578 Anu.
1422 2540 1537 2579 Libr.
1556 2541 1590 2579 1.
1620 2554 1651 2579 ο.
1674 2546 1745 2582 54.
1765 2542 1869 2594 ibiq.
1900 2557 1939 2582 v.
1959 2544 2142 2594 Lipsius.
2162 2564 2214 2573 —
2241 2543 2443 2594 Pyladem

223 2596 340 2636 Urbe
368 2606 411 2636 et
436 2596 561 2635 Italia
592 2595 642 2635 ab
672 2595 861 2648 Augusto
892 2591 1127 2632 submotum
1156 2605 1266 2640 esse,
1302 2592 1412 2645 quod
1448 2603 1743 2646 spectatorem,
1783 2610 1807 2634 a
1847 2609 1931 2648 quo
1968 2596 2287 2643 exsibilabatur,
2326 2611 2445 2637 mon·

222 2659 393 2690 strasset
421 2649 556 2704 digito
586 2649 939 2702 conspicuumque
966 2647 1147 2693 fecisset,
1175 2655 1312 2684 narrat
1338 2646 1565 2686 Suetonius
1594 2663 1627 2687 c.
1651 2654 1720 2691 45.
1747 2649 1961 2702 Spectator
1988 2650 2061 2686 ille
2088 2662 2112 2686 a
2140 2649 2332 2701 Bathylli
2351 2665 2445 2703 par-

223 2704 337 2743 tibus
366 2713 478 2746 erat:
506 2703 605 2742 inde
625 2713 723 2742 orta
754 2712 818 2741 est
844 2699 996 2757 στάσις,
1028 2714 1149 2754 quam
1177 2700 1266 2738 Dio
1294 2697 1508 2742 memorat.

249 2791 253 2795 ·
327 2777 480 2819 XLIV.
511 2777 618 2817 cum
637 2776 878 2818 Macrobius
900 2791 961 2825 ea,
983 2780 1087 2829 q'uae
1106 2774 1195 2814 Dio
1212 2773 1379 2815 Cassius
1398 2775 1448 2816 de
1465 2776 1664 2827 Bathyllo
1685 2785 1830 2823 narrat,
1854 2774 1904 2814 de
1926 2775 2049 2832 Hyla,
2069 2776 2241 2829 Pyladis
2262 2782 2441 2830 aemulo,

222 2831 391 2878 referat,
421 2831 593 2870 fuerunt
617 2832 690 2884 qui
714 2834 798 2877 vel,
825 2840 874 2870 ut
900 2830 1116 2871 Fabricius
1146 2828 1197 2867 ad
1223 2829 1355 2868 Dion.
1384 2833 1412 2868 1.
1442 2845 1474 2867 e.
1504 2830 1560 2868 N.
1586 2837 1676 2870 152.
1700 2830 1790 2867 Vol.
1816 2829 1885 2867 VI.
1908 2842 1952 2880 p.
1976 2835 2068 2870 118.
2087 2831 2217 2880 Strz„>
2237 2842 2442 2884 putarent,

220 2885 464 2939 Bathyllum
489 2885 744 2926 binominem
763 2885 912 2934 fuisse,
941 2886 1009 2926 vel
1028 2884 1166 2937 Hylae
1183 2896 1336 2923 nomen
1357 2894 1592 2936 corruptum
1612 2896 1699 2922 esse
1720 2893 1946 2932 censerent,
1974 2894 2024 2923 ut
2041 2883 2244 2925 Nicolaus
2262 2886 2443 2928 Loensis

2078 2955 2087 2967 ⁹
2107 2952 2141 2997 7
