<?xml version="1.0" encoding="UTF-8"?>
<!DOCTYPE html PUBLIC "-//W3C//DTD XHTML 1.0 Transitional//EN"
    "http://www.w3.org/TR/xhtml1/DTD/xhtml1-transitional.dtd">
<html xmlns="http://www.w3.org/1999/xhtml" xml:lang="en" lang="en">
 <head>
  <title>
</title>
<meta http-equiv="Content-Type" content="text/html;charset=utf-8" />
  <meta name='ocr-system' content='tesseract 3.04.00' />
  <meta name='ocr-capabilities' content='ocr_page ocr_carea ocr_par ocr_line ocrx_word'/>
</head>
<body>
  <div class='ocr_page' id='page_1' title='image "4775059_0051.png"; bbox 0 0 2713 3226; ppageno 0'>
   <div class='ocr_carea' id='block_1_1' title="bbox 2370 87 2452 171">
    <p class='ocr_par' dir='ltr' id='par_1_1' title="bbox 2370 87 2452 171">
     <span class='ocr_line' id='line_1_1' title="bbox 2370 87 2452 171; baseline 0 0"><span class='ocrx_word' id='word_1_1' title='bbox 2370 87 2452 171; x_wconf 74' lang='lat'><strong>4⁵</strong></span> 
     </span>
    </p>
   </div>
   <div class='ocr_carea' id='block_1_2' title="bbox 177 235 2455 789">
    <p class='ocr_par' dir='ltr' id='par_1_2' title="bbox 177 235 2455 557">
     <span class='ocr_line' id='line_1_2' title="bbox 236 235 2455 305; baseline -0.002 -16"><span class='ocrx_word' id='word_1_2' title='bbox 236 281 246 289; x_wconf 92' lang='lat'><strong>.</strong></span> <span class='ocrx_word' id='word_1_3' title='bbox 370 240 431 289; x_wconf 70' lang='lat'><strong>&#39;¹0</strong></span> <span class='ocrx_word' id='word_1_4' title='bbox 464 238 737 305; x_wconf 70' lang='lat' dir='ltr'><strong>Cinixisdam</strong></span> <span class='ocrx_word' id='word_1_5' title='bbox 752 236 1059 302; x_wconf 77' lang='lat' dir='ltr'><strong>provincialis</strong></span> <span class='ocrx_word' id='word_1_6' title='bbox 1089 235 1223 300; x_wconf 73' lang='lat' dir='ltr'><strong>iocus</strong></span> <span class='ocrx_word' id='word_1_7' title='bbox 1260 252 1401 301; x_wconf 84' lang='lat' dir='ltr'><strong>asper</strong></span> <span class='ocrx_word' id='word_1_8' title='bbox 1441 236 1665 285; x_wconf 76' lang='lat' dir='ltr'><strong>iimotuit.</strong></span> <span class='ocrx_word' id='word_1_9' title='bbox 1730 237 1992 286; x_wconf 86' lang='lat' dir='ltr'><strong>Intraverat</strong></span> <span class='ocrx_word' id='word_1_10' title='bbox 2028 236 2234 285; x_wconf 85' lang='lat' dir='ltr'><strong>Romam</strong></span> <span class='ocrx_word' id='word_1_11' title='bbox 2270 236 2455 285; x_wconf 82' lang='lat' dir='ltr'><strong>similli-</strong></span> 
     </span>
     <span class='ocr_line' id='line_1_3' title="bbox 231 301 2453 377; baseline -0.001 -24"><span class='ocrx_word' id='word_1_12' title='bbox 231 320 341 360; x_wconf 75' lang='lat' dir='ltr'><strong>mus</strong></span> <span class='ocrx_word' id='word_1_13' title='bbox 372 305 573 358; x_wconf 84' lang='lat' dir='ltr'><strong>-Caesari</strong></span> <span class='ocrx_word' id='word_1_14' title='bbox 614 309 663 352; x_wconf 87' lang='lat' dir='ltr'><strong>et</strong></span> <span class='ocrx_word' id='word_1_15' title='bbox 695 305 753 352; x_wconf 87' lang='lat' dir='ltr'><strong>in</strong></span> <span class='ocrx_word' id='word_1_16' title='bbox 787 317 850 349; x_wconf 7' lang='lat' dir='ltr'><strong>use</strong></span> <span class='ocrx_word' id='word_1_17' title='bbox 889 302 1107 349; x_wconf 89' lang='lat' dir='ltr'><strong>omnium</strong></span> <span class='ocrx_word' id='word_1_18' title='bbox 1144 318 1236 358; x_wconf 49' lang='lat' dir='ltr'><strong>ora,</strong></span> <span class='ocrx_word' id='word_1_19' title='bbox 1272 307 1588 364; x_wconf 77' lang='lat' dir='ltr'><strong>converterat.</strong></span> <span class='ocrx_word' id='word_1_20' title='bbox 1651 301 1892 377; x_wconf 78' lang='lat' dir='ltr'><strong>Augustus</strong></span> <span class='ocrx_word' id='word_1_21' title='bbox 1936 301 2131 363; x_wconf 86' lang='lat' dir='ltr'><strong>perduci</strong></span> <span class='ocrx_word' id='word_1_22' title='bbox 2171 302 2235 348; x_wconf 89' lang='lat' dir='ltr'><strong>ad</strong></span> <span class='ocrx_word' id='word_1_23' title='bbox 2277 316 2330 348; x_wconf 89' lang='lat' dir='ltr'><strong>se</strong></span> <span class='ocrx_word' id='word_1_24' title='bbox 2361 302 2453 350; x_wconf 89' lang='lat' dir='ltr'><strong>ho-</strong></span> 
     </span>
     <span class='ocr_line' id='line_1_4' title="bbox 177 365 2452 431; baseline -0.003 -14"><span class='ocrx_word' id='word_1_25' title='bbox 177 396 184 399; x_wconf 91' lang='lat'><em>-</em></span> <span class='ocrx_word' id='word_1_26' title='bbox 229 370 413 417; x_wconf 81' lang='lat' dir='ltr'><strong>minem</strong></span> <span class='ocrx_word' id='word_1_27' title='bbox 442 368 604 431; x_wconf 79' lang='lat' dir='ltr'><strong>jussit3</strong></span> <span class='ocrx_word' id='word_1_28' title='bbox 648 367 906 426; x_wconf 78' lang='lat' dir='ltr'><strong>visumque</strong></span> <span class='ocrx_word' id='word_1_29' title='bbox 944 366 1037 412; x_wconf 88' lang='lat' dir='ltr'><strong>hoc</strong></span> <span class='ocrx_word' id='word_1_30' title='bbox 1062 367 1207 413; x_wconf 91' lang='lat' dir='ltr'><strong>modo</strong></span> <span class='ocrx_word' id='word_1_31' title='bbox 1248 366 1581 428; x_wconf 79' lang='lat' dir='ltr'><strong>interrogavit:</strong></span> <span class='ocrx_word' id='word_1_32' title='bbox 1622 398 1660 422; x_wconf 90' lang='lat'><strong>„</strong></span> <span class='ocrx_word' id='word_1_33' title='bbox 1671 367 1767 412; x_wconf 71' lang='lat' dir='ltr'><strong>Dec</strong></span> <span class='ocrx_word' id='word_1_34' title='bbox 1806 365 1958 421; x_wconf 75' lang='lat' dir='ltr'><strong>mihi,</strong></span> <span class='ocrx_word' id='word_1_35' title='bbox 1999 365 2303 422; x_wconf 68' lang='lat' dir='ltr'><em>adolescens,</em></span> <span class='ocrx_word' id='word_1_36' title='bbox 2335 365 2452 426; x_wconf 61' lang='lat' dir='ltr'><strong>jacit</strong></span> 
     </span>
     <span class='ocr_line' id='line_1_5' title="bbox 231 426 2453 495; baseline -0.003 -14"><span class='ocrx_word' id='word_1_37' title='bbox 231 432 517 495; x_wconf 21' lang='lat' dir='ltr'><strong>aliquando,</strong></span> <span class='ocrx_word' id='word_1_38' title='bbox 533 436 694 478; x_wconf 80' lang='lat' dir='ltr'><strong>mater</strong></span> <span class='ocrx_word' id='word_1_39' title='bbox 724 426 817 477; x_wconf 59' lang='lat' dir='ltr'><strong>&amp;aa</strong></span> <span class='ocrx_word' id='word_1_40' title='bbox 845 430 1040 477; x_wconf 82' lang='lat' dir='ltr'><strong>Romae</strong></span> <span class='ocrx_word' id='word_1_41' title='bbox 1049 426 1113 478; x_wconf 80' lang='lat'><strong>?“</strong></span> <span class='ocrx_word' id='word_1_42' title='bbox 1141 429 1337 492; x_wconf 80' lang='lat' dir='ltr'><strong>negavit</strong></span> <span class='ocrx_word' id='word_1_43' title='bbox 1365 429 1472 486; x_wconf 84' lang='lat' dir='ltr'><strong>il1e3</strong></span> <span class='ocrx_word' id='word_1_44' title='bbox 1504 435 1594 475; x_wconf 86' lang='lat' dir='ltr'><strong>nec</strong></span> <span class='ocrx_word' id='word_1_45' title='bbox 1626 433 1879 476; x_wconf 87' lang='lat' dir='ltr'><strong>contentus</strong></span> <span class='ocrx_word' id='word_1_46' title='bbox 1908 427 2103 491; x_wconf 71' lang='lat' dir='ltr'><strong>adjecitz</strong></span> <span class='ocrx_word' id='word_1_47' title='bbox 2147 429 2280 486; x_wconf 84' lang='lat' dir='ltr'><strong>„Sed</strong></span> <span class='ocrx_word' id='word_1_48' title='bbox 2302 432 2453 492; x_wconf 69' lang='lat' dir='ltr'><strong>patei·</strong></span> 
     </span>
     <span class='ocr_line' id='line_1_6' title="bbox 230 496 1813 557; baseline -0.004 -14"><span class='ocrx_word' id='word_1_49' title='bbox 230 511 368 543; x_wconf 71' lang='lat' dir='ltr'><strong>mem</strong></span> <span class='ocrx_word' id='word_1_50' title='bbox 381 496 592 557; x_wconf 46' lang='lat' dir='ltr'><strong>&#39;caelum‘</strong></span> <span class='ocrx_word' id='word_1_51' title='bbox 864 552 867 553; x_wconf 11' lang='lat'><em>7</em></span> <span class='ocrx_word' id='word_1_52' title='bbox 954 533 955 537; x_wconf 70' lang='grc'>,</span> <span class='ocrx_word' id='word_1_53' title='bbox 1806 498 1813 503; x_wconf 83' lang='grc'><strong>’</strong></span> 
     </span>
    </p>

    <p class='ocr_par' dir='ltr' id='par_1_3' title="bbox 227 592 2449 789">
     <span class='ocr_line' id='line_1_7' title="bbox 364 592 2448 660; baseline -0.002 -11"><span class='ocrx_word' id='word_1_54' title='bbox 364 592 429 650; x_wconf 46' lang='grc'><strong>12.</strong></span> <span class='ocrx_word' id='word_1_55' title='bbox 463 596 651 646; x_wconf 82' lang='lat' dir='ltr'><strong>Curtius</strong></span> <span class='ocrx_word' id='word_1_56' title='bbox 682 610 829 660; x_wconf 81' lang='lat' dir='ltr'><strong>eques</strong></span> <span class='ocrx_word' id='word_1_57' title='bbox 859 596 1103 644; x_wconf 84' lang='lat' dir='ltr'><strong>Romanus</strong></span> <span class='ocrx_word' id='word_1_58' title='bbox 1135 595 1318 643; x_wconf 83' lang='lat' dir='ltr'><strong>deliciis</strong></span> <span class='ocrx_word' id='word_1_59' title='bbox 1349 596 1576 654; x_wconf 86' lang='lat' dir='ltr'><strong>diffluens,</strong></span> <span class='ocrx_word' id='word_1_60' title='bbox 1609 611 1720 642; x_wconf 90' lang='lat' dir='ltr'><strong>cum</strong></span> <span class='ocrx_word' id='word_1_61' title='bbox 1745 593 1967 645; x_wconf 79' lang='lat' dir='ltr'><strong>macrum</strong></span> <span class='ocrx_word' id='word_1_62' title='bbox 1982 597 2176 643; x_wconf 89' lang='lat' dir='ltr'><strong>turdum</strong></span> <span class='ocrx_word' id='word_1_63' title='bbox 2205 597 2448 645; x_wconf 77' lang='lat' dir='ltr'><strong>sumsisset</strong></span> 
     </span>
     <span class='ocr_line' id='line_1_8' title="bbox 227 659 2449 725; baseline -0 -15"><span class='ocrx_word' id='word_1_64' title='bbox 227 664 281 710; x_wconf 91' lang='lat' dir='ltr'><strong>in</strong></span> <span class='ocrx_word' id='word_1_65' title='bbox 321 664 542 710; x_wconf 83' lang='lat' dir='ltr'><strong>convivio</strong></span> <span class='ocrx_word' id='word_1_66' title='bbox 590 664 830 720; x_wconf 81' lang='lat' dir='ltr'>Caesaris,</span> <span class='ocrx_word' id='word_1_67' title='bbox 877 660 1209 722; x_wconf 83' lang='lat' dir='ltr'><strong>interrogavit,</strong></span> <span class='ocrx_word' id='word_1_68' title='bbox 1253 675 1323 706; x_wconf 89' lang='lat' dir='ltr'><strong>an.</strong></span> <span class='ocrx_word' id='word_1_69' title='bbox 1357 659 1548 706; x_wconf 89' lang='lat' dir='ltr'><strong>mittere</strong></span> <span class='ocrx_word' id='word_1_70' title='bbox 1585 660 1768 709; x_wconf 88' lang='lat' dir='ltr'><strong>liceret.</strong></span> <span class='ocrx_word' id='word_1_71' title='bbox 1842 662 2170 724; x_wconf 83' lang='lat' dir='ltr'><strong>Responderat</strong></span> <span class='ocrx_word' id='word_1_72' title='bbox 2209 661 2449 725; x_wconf 67' lang='lat' dir='ltr'><strong>princePS,</strong></span> 
     </span>
     <span class='ocr_line' id='line_1_9' title="bbox 227 722 1581 789; baseline -0.003 -15"><span class='ocrx_word' id='word_1_73' title='bbox 227 726 458 789; x_wconf 74' lang='lat' dir='ltr'><strong>„Quidni</strong></span> <span class='ocrx_word' id='word_1_74' title='bbox 486 726 627 774; x_wconf 73' lang='lat' dir='ltr'><strong>liceat</strong></span> <span class='ocrx_word' id='word_1_75' title='bbox 635 723 694 775; x_wconf 84' lang='lat'><strong>?“</strong></span> <span class='ocrx_word' id='word_1_76' title='bbox 724 726 806 773; x_wconf 84' lang='lat' dir='ltr'><strong>ille</strong></span> <span class='ocrx_word' id='word_1_77' title='bbox 838 740 926 787; x_wconf 85' lang='lat' dir='ltr'><strong>per</strong></span> <span class='ocrx_word' id='word_1_78' title='bbox 954 722 1215 772; x_wconf 75' lang='lat' dir='ltr'><strong>fenestram</strong></span> <span class='ocrx_word' id='word_1_79' title='bbox 1246 723 1407 771; x_wconf 84' lang='lat' dir='ltr'><strong>statim</strong></span> <span class='ocrx_word' id='word_1_80' title='bbox 1436 724 1581 771; x_wconf 86' lang='lat' dir='ltr'><strong>misit.</strong></span> 
     </span>
    </p>
   </div>
   <div class='ocr_carea' id='block_1_3' title="bbox 227 827 2449 1024">
    <p class='ocr_par' dir='ltr' id='par_1_4' title="bbox 227 827 2449 1024">
     <span class='ocr_line' id='line_1_10' title="bbox 378 827 2449 894; baseline 0 -15"><span class='ocrx_word' id='word_1_81' title='bbox 378 834 423 879; x_wconf 79' lang='lat'><strong>3.</strong></span> <span class='ocrx_word' id='word_1_82' title='bbox 449 828 553 879; x_wconf 75' lang='lat' dir='ltr'><strong>¹Aes</strong></span> <span class='ocrx_word' id='word_1_83' title='bbox 603 833 812 878; x_wconf 89' lang='lat' dir='ltr'><strong>alienum</strong></span> <span class='ocrx_word' id='word_1_84' title='bbox 859 830 1100 892; x_wconf 81' lang='lat' dir='ltr'><strong>Augustus</strong></span> <span class='ocrx_word' id='word_1_85' title='bbox 1152 827 1402 891; x_wconf 84' lang='lat' dir='ltr'><strong>cujusdam</strong></span> <span class='ocrx_word' id='word_1_86' title='bbox 1445 831 1674 877; x_wconf 89' lang='lat' dir='ltr'><strong>senatoris</strong></span> <span class='ocrx_word' id='word_1_87' title='bbox 1718 831 1817 878; x_wconf 90' lang='lat' dir='ltr'><strong>cari</strong></span> <span class='ocrx_word' id='word_1_88' title='bbox 1857 830 1949 877; x_wconf 87' lang='lat' dir='ltr'><strong>sibi</strong></span> <span class='ocrx_word' id='word_1_89' title='bbox 1988 846 2086 877; x_wconf 92' lang='lat' dir='ltr'><strong>non</strong></span> <span class='ocrx_word' id='word_1_90' title='bbox 2123 835 2316 894; x_wconf 86' lang='lat' dir='ltr'><strong>rogatus</strong></span> <span class='ocrx_word' id='word_1_91' title='bbox 2360 845 2449 879; x_wconf 84' lang='lat' dir='ltr'><strong>ex·</strong></span> 
     </span>
     <span class='ocr_line' id='line_1_11' title="bbox 227 893 2446 957; baseline -0.001 -13"><span class='ocrx_word' id='word_1_92' title='bbox 227 898 456 956; x_wconf 88' lang='lat' dir='ltr'><strong>solverat,</strong></span> <span class='ocrx_word' id='word_1_93' title='bbox 486 894 758 941; x_wconf 64' lang='lat' dir='ltr'><strong>*numerato</strong></span> <span class='ocrx_word' id='word_1_94' title='bbox 800 893 1097 956; x_wconf 81' lang='lat' dir='ltr'><strong>quadragies.</strong></span> <span class='ocrx_word' id='word_1_95' title='bbox 1170 894 1232 939; x_wconf 85' lang='lat' dir='ltr'><strong>At</strong></span> <span class='ocrx_word' id='word_1_96' title='bbox 1273 893 1354 941; x_wconf 88' lang='lat' dir='ltr'><strong>ille</strong></span> <span class='ocrx_word' id='word_1_97' title='bbox 1394 909 1486 956; x_wconf 92' lang='lat' dir='ltr'><strong>pro</strong></span> <span class='ocrx_word' id='word_1_98' title='bbox 1538 895 1798 957; x_wconf 87' lang='lat' dir='ltr'><strong>gratiarum</strong></span> <span class='ocrx_word' id='word_1_99' title='bbox 1841 895 2029 941; x_wconf 90' lang='lat' dir='ltr'><strong>actione</strong></span> <span class='ocrx_word' id='word_1_100' title='bbox 2070 894 2163 941; x_wconf 92' lang='lat' dir='ltr'><strong>hoc</strong></span> <span class='ocrx_word' id='word_1_101' title='bbox 2203 896 2358 941; x_wconf 79' lang='lat' dir='ltr'><strong>solum</strong></span> <span class='ocrx_word' id='word_1_102' title='bbox 2399 896 2446 942; x_wconf 86' lang='lat' dir='ltr'><strong>ei</strong></span> 
     </span>
     <span class='ocr_line' id='line_1_12' title="bbox 227 955 868 1024; baseline 0 -17"><span class='ocrx_word' id='word_1_103' title='bbox 227 957 644 1024; x_wconf 75' lang='lat' dir='ltr'><strong>scripsitt&#39;„Mihz’</strong></span> <span class='ocrx_word' id='word_1_104' title='bbox 668 955 868 1007; x_wconf 76' lang='lat' dir='ltr'><strong>nihil?“</strong></span> 
     </span>
    </p>
   </div>
   <div class='ocr_carea' id='block_1_4' title="bbox 222 1060 2445 1556">
    <p class='ocr_par' dir='ltr' id='par_1_5' title="bbox 222 1060 2445 1556">
     <span class='ocr_line' id='line_1_13' title="bbox 374 1060 2445 1128; baseline -0 -17"><span class='ocrx_word' id='word_1_105' title='bbox 374 1066 425 1112; x_wconf 77' lang='lat'><strong>4.</strong></span> <span class='ocrx_word' id='word_1_106' title='bbox 453 1062 658 1116; x_wconf 66' lang='lat' dir='ltr'><strong>,Solebat</strong></span> <span class='ocrx_word' id='word_1_107' title='bbox 686 1062 909 1110; x_wconf 78' lang='lat' dir='ltr'><strong>Licinius</strong></span> <span class='ocrx_word' id='word_1_108' title='bbox 925 1063 1125 1109; x_wconf 86' lang='lat' dir='ltr'><strong>libertus</strong></span> <span class='ocrx_word' id='word_1_109' title='bbox 1156 1060 1260 1125; x_wconf 80' lang='lat' dir='ltr'><strong>ejus</strong></span> <span class='ocrx_word' id='word_1_110' title='bbox 1290 1062 1533 1110; x_wconf 84' lang='lat' dir='ltr'><strong>inchoanti</strong></span> <span class='ocrx_word' id='word_1_111' title='bbox 1565 1080 1710 1126; x_wconf 90' lang='lat' dir='ltr'><strong>opera</strong></span> <span class='ocrx_word' id='word_1_112' title='bbox 1741 1069 1943 1127; x_wconf 89' lang='lat' dir='ltr'><strong>patrono</strong></span> <span class='ocrx_word' id='word_1_113' title='bbox 1982 1079 2179 1128; x_wconf 88' lang='lat' dir='ltr'><strong>magnas</strong></span> <span class='ocrx_word' id='word_1_114' title='bbox 2221 1062 2445 1126; x_wconf 80' lang='lat' dir='ltr'><strong>pecunias</strong></span> 
     </span>
     <span class='ocr_line' id='line_1_14' title="bbox 226 1127 2444 1191; baseline -0.002 -13"><span class='ocrx_word' id='word_1_115' title='bbox 226 1127 467 1178; x_wconf 72' lang='lat' dir='ltr'><strong>conferree</strong></span> <span class='ocrx_word' id='word_1_116' title='bbox 509 1143 652 1190; x_wconf 90' lang='lat' dir='ltr'><strong>quem</strong></span> <span class='ocrx_word' id='word_1_117' title='bbox 683 1140 869 1175; x_wconf 89' lang='lat' dir='ltr'><strong>morem</strong></span> <span class='ocrx_word' id='word_1_118' title='bbox 900 1131 1119 1185; x_wconf 84' lang='lat' dir='ltr'><strong>secutus,</strong></span> <span class='ocrx_word' id='word_1_119' title='bbox 1153 1130 1348 1172; x_wconf 91' lang='lat' dir='ltr'><strong>centum</strong></span> <span class='ocrx_word' id='word_1_120' title='bbox 1377 1128 1598 1189; x_wconf 85' lang='lat' dir='ltr'><strong>promisit</strong></span> <span class='ocrx_word' id='word_1_121' title='bbox 1627 1144 1715 1191; x_wconf 88' lang='lat' dir='ltr'><strong>per</strong></span> <span class='ocrx_word' id='word_1_122' title='bbox 1745 1129 1988 1187; x_wconf 85' lang='lat' dir='ltr'><strong>libellum,</strong></span> <span class='ocrx_word' id='word_1_123' title='bbox 2020 1129 2071 1173; x_wconf 91' lang='lat' dir='ltr'><strong>in</strong></span> <span class='ocrx_word' id='word_1_124' title='bbox 2103 1144 2201 1190; x_wconf 89' lang='lat' dir='ltr'><strong>quo</strong></span> <span class='ocrx_word' id='word_1_125' title='bbox 2233 1128 2444 1190; x_wconf 86' lang='lat' dir='ltr'><strong>virgulae</strong></span> 
     </span>
     <span class='ocr_line' id='line_1_15' title="bbox 224 1188 2442 1255; baseline -0.001 -15"><span class='ocrx_word' id='word_1_126' title='bbox 224 1194 538 1255; x_wconf 79' lang='lat' dir='ltr'><strong>superductae</strong></span> <span class='ocrx_word' id='word_1_127' title='bbox 570 1207 678 1252; x_wconf 89' lang='lat' dir='ltr'><strong>pars</strong></span> <span class='ocrx_word' id='word_1_128' title='bbox 710 1192 831 1235; x_wconf 86' lang='lat' dir='ltr'><strong>ultra</strong></span> <span class='ocrx_word' id='word_1_129' title='bbox 856 1190 1091 1252; x_wconf 85' lang='lat' dir='ltr'><strong>pecuniae</strong></span> <span class='ocrx_word' id='word_1_130' title='bbox 1124 1188 1443 1235; x_wconf 82' lang='lat' dir='ltr'><strong>defectionem</strong></span> <span class='ocrx_word' id='word_1_131' title='bbox 1474 1193 1872 1251; x_wconf 83' lang='lat' dir='ltr'><strong>protendebatur,</strong></span> <span class='ocrx_word' id='word_1_132' title='bbox 1914 1197 2110 1239; x_wconf 86' lang='lat' dir='ltr'><strong>vacante</strong></span> <span class='ocrx_word' id='word_1_133' title='bbox 2151 1190 2275 1238; x_wconf 84' lang='lat' dir='ltr'><strong>infra</strong></span> <span class='ocrx_word' id='word_1_134' title='bbox 2318 1191 2442 1238; x_wconf 83' lang='lat' dir='ltr'><strong>loco.</strong></span> 
     </span>
     <span class='ocr_line' id='line_1_16' title="bbox 226 1252 2441 1317; baseline -0.002 -14"><span class='ocrx_word' id='word_1_135' title='bbox 226 1257 398 1303; x_wconf 85' lang='lat' dir='ltr'><strong>Caesar</strong></span> <span class='ocrx_word' id='word_1_136' title='bbox 429 1255 675 1301; x_wconf 86' lang='lat' dir='ltr'><strong>occasione</strong></span> <span class='ocrx_word' id='word_1_137' title='bbox 707 1269 833 1309; x_wconf 83' lang='lat' dir='ltr'><strong>usus,</strong></span> <span class='ocrx_word' id='word_1_138' title='bbox 869 1252 1021 1313; x_wconf 84' lang='lat' dir='ltr'><strong>priori</strong></span> <span class='ocrx_word' id='word_1_139' title='bbox 1052 1253 1254 1298; x_wconf 86' lang='lat' dir='ltr'><strong>alterum</strong></span> <span class='ocrx_word' id='word_1_140' title='bbox 1286 1253 1464 1299; x_wconf 87' lang='lat' dir='ltr'><strong>centies</strong></span> <span class='ocrx_word' id='word_1_141' title='bbox 1495 1269 1578 1300; x_wconf 84' lang='lat' dir='ltr'><strong>sua</strong></span> <span class='ocrx_word' id='word_1_142' title='bbox 1610 1258 1755 1300; x_wconf 91' lang='lat' dir='ltr'><strong>manu&#39;</strong></span> <span class='ocrx_word' id='word_1_143' title='bbox 1794 1254 1966 1317; x_wconf 80' lang='lat' dir='ltr'><strong>junxit,</strong></span> <span class='ocrx_word' id='word_1_144' title='bbox 2000 1256 2150 1317; x_wconf 84' lang='lat' dir='ltr'><strong>spatio</strong></span> <span class='ocrx_word' id='word_1_145' title='bbox 2189 1255 2441 1317; x_wconf 81' lang='lat' dir='ltr'><strong>diligenter</strong></span> 
     </span>
     <span class='ocr_line' id='line_1_17' title="bbox 226 1315 2440 1379; baseline -0.002 -14"><span class='ocrx_word' id='word_1_146' title='bbox 226 1320 443 1379; x_wconf 82' lang='lat' dir='ltr'><strong>expleto,</strong></span> <span class='ocrx_word' id='word_1_147' title='bbox 488 1321 539 1362; x_wconf 90' lang='lat' dir='ltr'><strong>et</strong></span> <span class='ocrx_word' id='word_1_148' title='bbox 570 1315 786 1363; x_wconf 81' lang='lat' dir='ltr'><strong>affectata</strong></span> <span class='ocrx_word' id='word_1_149' title='bbox 814 1315 979 1361; x_wconf 81' lang='lat' dir='ltr'><strong>literae</strong></span> <span class='ocrx_word' id='word_1_150' title='bbox 1011 1315 1341 1378; x_wconf 73' lang='lat' dir='ltr'><strong>similitudinez</strong></span> <span class='ocrx_word' id='word_1_151' title='bbox 1374 1317 1758 1377; x_wconf 84' lang='lat' dir='ltr'><strong>geminatamque</strong></span> <span class='ocrx_word' id='word_1_152' title='bbox 1791 1320 1974 1378; x_wconf 83' lang='lat' dir='ltr'><strong>accepit</strong></span> <span class='ocrx_word' id='word_1_153' title='bbox 2006 1334 2240 1363; x_wconf 89' lang='lat' dir='ltr'><strong>summam</strong></span> <span class='ocrx_word' id='word_1_154' title='bbox 2253 1350 2268 1376; x_wconf 87' lang='lat'><strong>,</strong></span> <span class='ocrx_word' id='word_1_155' title='bbox 2301 1318 2440 1361; x_wconf 84' lang='lat' dir='ltr'><strong>dissi-</strong></span> 
     </span>
     <span class='ocr_line' id='line_1_18' title="bbox 223 1378 2441 1440; baseline -0.002 -12"><span class='ocrx_word' id='word_1_156' title='bbox 223 1382 433 1429; x_wconf 87' lang='lat' dir='ltr'><strong>mulante</strong></span> <span class='ocrx_word' id='word_1_157' title='bbox 463 1380 651 1425; x_wconf 87' lang='lat' dir='ltr'><strong>liberto.</strong></span> <span class='ocrx_word' id='word_1_158' title='bbox 718 1378 813 1440; x_wconf 77' lang='lat' dir='ltr'><strong>Qui</strong></span> <span class='ocrx_word' id='word_1_159' title='bbox 842 1381 1006 1440; x_wconf 88' lang='lat' dir='ltr'><strong>postea</strong></span> <span class='ocrx_word' id='word_1_160' title='bbox 1039 1383 1210 1438; x_wconf 84' lang='lat' dir='ltr'><strong>coepto</strong></span> <span class='ocrx_word' id='word_1_161' title='bbox 1242 1378 1337 1423; x_wconf 83' lang='lat' dir='ltr'><strong>alio</strong></span> <span class='ocrx_word' id='word_1_162' title='bbox 1360 1386 1531 1438; x_wconf 69' lang='lat' dir='ltr'><strong>opere,</strong></span> <span class='ocrx_word' id='word_1_163' title='bbox 1563 1380 1733 1437; x_wconf 86' lang='lat' dir='ltr'><strong>leniter</strong></span> <span class='ocrx_word' id='word_1_164' title='bbox 1760 1380 1943 1433; x_wconf 87' lang='lat' dir='ltr'><strong>factum</strong></span> <span class='ocrx_word' id='word_1_165' title='bbox 1970 1397 2112 1426; x_wconf 89' lang='lat' dir='ltr'><strong>suum</strong></span> <span class='ocrx_word' id='word_1_166' title='bbox 2135 1381 2325 1426; x_wconf 82' lang='lat' dir='ltr'><strong>Caesari</strong></span> <span class='ocrx_word' id='word_1_167' title='bbox 2353 1381 2441 1424; x_wconf 89' lang='lat' dir='ltr'><strong>ob-</strong></span> 
     </span>
     <span class='ocr_line' id='line_1_19' title="bbox 222 1439 2441 1509; baseline -0.002 -16"><span class='ocrx_word' id='word_1_168' title='bbox 222 1444 357 1509; x_wconf 83' lang='lat' dir='ltr'><strong>jecit,</strong></span> <span class='ocrx_word' id='word_1_169' title='bbox 390 1445 550 1500; x_wconf 77' lang='lat' dir='ltr'><strong>lihello</strong></span> <span class='ocrx_word' id='word_1_170' title='bbox 583 1443 664 1489; x_wconf 86' lang='lat' dir='ltr'><strong>tali</strong></span> <span class='ocrx_word' id='word_1_171' title='bbox 697 1444 831 1489; x_wconf 81' lang='lat' dir='ltr'><strong>dato:</strong></span> <span class='ocrx_word' id='word_1_172' title='bbox 863 1441 1116 1503; x_wconf 72' lang='lat' dir='ltr'><strong>„Confer-0</strong></span> <span class='ocrx_word' id='word_1_173' title='bbox 1146 1439 1252 1497; x_wconf 75' lang='lat' dir='ltr'><strong>tibi,</strong></span> <span class='ocrx_word' id='word_1_174' title='bbox 1285 1440 1503 1499; x_wconf 81' lang='lat' dir='ltr'><strong>domine,</strong></span> <span class='ocrx_word' id='word_1_175' title='bbox 1536 1443 1608 1488; x_wconf 85' lang='lat' dir='ltr'><strong>ad</strong></span> <span class='ocrx_word' id='word_1_176' title='bbox 1638 1442 1762 1490; x_wconf 76' lang='lat' dir='ltr'><strong>novi</strong></span> <span class='ocrx_word' id='word_1_177' title='bbox 1788 1443 1950 1507; x_wconf 76' lang='lat' dir='ltr'><strong>operis</strong></span> <span class='ocrx_word' id='word_1_178' title='bbox 1980 1440 2276 1507; x_wconf 65' lang='lat' dir='ltr'><strong>impensam,</strong></span> <span class='ocrx_word' id='word_1_179' title='bbox 2310 1443 2441 1506; x_wconf 73' lang='lat' dir='ltr'><strong>qaod</strong></span> 
     </span>
     <span class='ocr_line' id='line_1_20' title="bbox 223 1508 814 1556; baseline 0.003 -2"><span class='ocrx_word' id='word_1_180' title='bbox 223 1508 520 1554; x_wconf 44' lang='lat' dir='ltr'><strong>videbitur&amp;</strong></span> <span class='ocrx_word' id='word_1_181' title='bbox 784 1553 787 1556; x_wconf 92' lang='grc'><em>,</em></span> <span class='ocrx_word' id='word_1_182' title='bbox 811 1509 814 1511; x_wconf 66' lang='grc'><strong>’</strong></span> 
     </span>
    </p>
   </div>
   <div class='ocr_carea' id='block_1_5' title="bbox 221 1612 2438 1930">
    <p class='ocr_par' dir='ltr' id='par_1_6' title="bbox 221 1612 2438 1930">
     <span class='ocr_line' id='line_1_21' title="bbox 375 1612 2438 1676; baseline 0 -17"><span class='ocrx_word' id='word_1_183' title='bbox 375 1612 422 1659; x_wconf 86' lang='grc'><strong>5.</strong></span> <span class='ocrx_word' id='word_1_184' title='bbox 454 1614 575 1660; x_wconf 90' lang='lat' dir='ltr'><strong>Mira</strong></span> <span class='ocrx_word' id='word_1_185' title='bbox 606 1614 751 1660; x_wconf 91' lang='lat' dir='ltr'><strong>etiam</strong></span> <span class='ocrx_word' id='word_1_186' title='bbox 782 1613 992 1658; x_wconf 86' lang='lat' dir='ltr'><strong>censoris</strong></span> <span class='ocrx_word' id='word_1_187' title='bbox 1024 1612 1225 1674; x_wconf 82' lang='lat' dir='ltr'><strong>Augusti</strong></span> <span class='ocrx_word' id='word_1_188' title='bbox 1266 1616 1317 1658; x_wconf 92' lang='lat' dir='ltr'><strong>et</strong></span> <span class='ocrx_word' id='word_1_189' title='bbox 1358 1612 1547 1659; x_wconf 87' lang='lat' dir='ltr'><strong>laudata</strong></span> <span class='ocrx_word' id='word_1_190' title='bbox 1586 1613 1825 1674; x_wconf 86' lang='lat' dir='ltr'><strong>patientia.</strong></span> <span class='ocrx_word' id='word_1_191' title='bbox 1889 1613 2248 1676; x_wconf 74' lang='lat' dir='ltr'><strong>corripiebatur</strong></span> <span class='ocrx_word' id='word_1_192' title='bbox 2290 1627 2438 1674; x_wconf 87' lang='lat' dir='ltr'><strong>eques</strong></span> 
     </span>
     <span class='ocr_line' id='line_1_22' title="bbox 223 1675 2438 1740; baseline -0 -17"><span class='ocrx_word' id='word_1_193' title='bbox 223 1677 466 1724; x_wconf 87' lang='lat' dir='ltr'><strong>Romanus</strong></span> <span class='ocrx_word' id='word_1_194' title='bbox 499 1692 535 1723; x_wconf 56' lang='lat' dir='ltr'><strong>a*</strong></span> <span class='ocrx_word' id='word_1_195' title='bbox 558 1678 798 1739; x_wconf 85' lang='lat' dir='ltr'><strong>principe,</strong></span> <span class='ocrx_word' id='word_1_196' title='bbox 843 1678 1069 1737; x_wconf 87' lang='lat' dir='ltr'><strong>tanquam</strong></span> <span class='ocrx_word' id='word_1_197' title='bbox 1099 1675 1344 1738; x_wconf 80' lang='lat' dir='ltr'><strong>minuisset</strong></span> <span class='ocrx_word' id='word_1_198' title='bbox 1374 1675 1619 1724; x_wconf 86' lang='lat' dir='ltr'><strong>facultates</strong></span> <span class='ocrx_word' id='word_1_199' title='bbox 1650 1693 1784 1734; x_wconf 85' lang='lat' dir='ltr'><strong>suas3</strong></span> <span class='ocrx_word' id='word_1_200' title='bbox 1826 1682 1877 1725; x_wconf 90' lang='lat' dir='ltr'><strong>at</strong></span> <span class='ocrx_word' id='word_1_201' title='bbox 1906 1679 1987 1725; x_wconf 86' lang='lat' dir='ltr'><strong>ille</strong></span> <span class='ocrx_word' id='word_1_202' title='bbox 2020 1693 2072 1725; x_wconf 88' lang='lat' dir='ltr'><strong>se</strong></span> <span class='ocrx_word' id='word_1_203' title='bbox 2103 1678 2438 1740; x_wconf 84' lang='lat' dir='ltr'><strong>multiplieasse</strong></span> 
     </span>
     <span class='ocr_line' id='line_1_23' title="bbox 224 1737 2436 1803; baseline -0.002 -15"><span class='ocrx_word' id='word_1_204' title='bbox 224 1744 386 1788; x_wconf 80' lang='lat' dir='ltr'><strong>coram</strong></span> <span class='ocrx_word' id='word_1_205' title='bbox 435 1740 668 1803; x_wconf 83' lang='lat' dir='ltr'><strong>probavit.</strong></span> <span class='ocrx_word' id='word_1_206' title='bbox 715 1740 856 1786; x_wconf 72' lang='lat' dir='ltr'><strong>‘Mox</strong></span> <span class='ocrx_word' id='word_1_207' title='bbox 902 1740 1033 1786; x_wconf 88' lang='lat' dir='ltr'><strong>idem</strong></span> <span class='ocrx_word' id='word_1_208' title='bbox 1082 1737 1306 1803; x_wconf 83' lang='lat' dir='ltr'><strong>subjecit,</strong></span> <span class='ocrx_word' id='word_1_209' title='bbox 1361 1742 1492 1801; x_wconf 89' lang='lat' dir='ltr'><strong>quod</strong></span> <span class='ocrx_word' id='word_1_210' title='bbox 1542 1743 1603 1787; x_wconf 84' lang='lat' dir='ltr'><strong>ad</strong></span> <span class='ocrx_word' id='word_1_211' title='bbox 1651 1741 2030 1787; x_wconf 80' lang='lat' dir='ltr'><strong>contrahendum</strong></span> <span class='ocrx_word' id='word_1_212' title='bbox 2080 1741 2436 1787; x_wconf 80' lang='lat' dir='ltr'><strong>matrimonium</strong></span> 
     </span>
     <span class='ocr_line' id='line_1_24' title="bbox 221 1802 2434 1866; baseline -0 -16"><span class='ocrx_word' id='word_1_213' title='bbox 221 1805 405 1866; x_wconf 87' lang='lat' dir='ltr'><strong>legibus</strong></span> <span class='ocrx_word' id='word_1_214' title='bbox 436 1821 535 1849; x_wconf 87' lang='lat' dir='ltr'><strong>non</strong></span> <span class='ocrx_word' id='word_1_215' title='bbox 565 1806 821 1865; x_wconf 82' lang='lat' dir='ltr'><strong>paruisset3</strong></span> <span class='ocrx_word' id='word_1_216' title='bbox 863 1805 946 1847; x_wconf 86' lang='lat' dir='ltr'><strong>ille</strong></span> <span class='ocrx_word' id='word_1_217' title='bbox 978 1818 1181 1848; x_wconf 84' lang='lat' dir='ltr'><strong>uxorem</strong></span> <span class='ocrx_word' id='word_1_218' title='bbox 1212 1804 1304 1847; x_wconf 88' lang='lat' dir='ltr'><strong>sibi</strong></span> <span class='ocrx_word' id='word_1_219' title='bbox 1335 1810 1383 1848; x_wconf 89' lang='lat' dir='ltr'><strong>et</strong></span> <span class='ocrx_word' id='word_1_220' title='bbox 1415 1810 1510 1850; x_wconf 86' lang='lat' dir='ltr'><strong>tres</strong></span> <span class='ocrx_word' id='word_1_221' title='bbox 1546 1820 1649 1850; x_wconf 79' lang='lat' dir='ltr'><strong>esse</strong></span> <span class='ocrx_word' id='word_1_222' title='bbox 1680 1806 1857 1851; x_wconf 88' lang='lat' dir='ltr'><strong>liberos</strong></span> <span class='ocrx_word' id='word_1_223' title='bbox 1891 1806 2035 1856; x_wconf 72' lang='lat' dir='ltr'><strong>dixit:</strong></span> <span class='ocrx_word' id='word_1_224' title='bbox 2081 1811 2193 1851; x_wconf 86' lang='lat' dir='ltr'><strong>tunc</strong></span> <span class='ocrx_word' id='word_1_225' title='bbox 2236 1802 2434 1866; x_wconf 81' lang='lat' dir='ltr'><strong>adjecit:</strong></span> 
     </span>
     <span class='ocr_line' id='line_1_25' title="bbox 222 1864 2371 1930; baseline -0 -17"><span class='ocrx_word' id='word_1_226' title='bbox 222 1868 467 1926; x_wconf 74' lang='lat' dir='ltr'><strong>„Posthac</strong></span> <span class='ocrx_word' id='word_1_227' title='bbox 473 1900 491 1923; x_wconf 96' lang='lat'><strong>,</strong></span> <span class='ocrx_word' id='word_1_228' title='bbox 531 1869 740 1924; x_wconf 69' lang='lat' dir='ltr'><strong>Caesar,</strong></span> <span class='ocrx_word' id='word_1_229' title='bbox 772 1882 884 1912; x_wconf 80' lang='lat' dir='ltr'><strong>cum</strong></span> <span class='ocrx_word' id='word_1_230' title='bbox 914 1866 977 1911; x_wconf 86' lang='lat' dir='ltr'><strong>de</strong></span> <span class='ocrx_word' id='word_1_231' title='bbox 1006 1864 1221 1912; x_wconf 70' lang='lat' dir='ltr'><strong>honestis</strong></span> <span class='ocrx_word' id='word_1_232' title='bbox 1254 1865 1529 1913; x_wconf 75' lang='lat' dir='ltr'><strong>hominibus</strong></span> <span class='ocrx_word' id='word_1_233' title='bbox 1558 1867 1800 1930; x_wconf 74' lang='lat' dir='ltr'><strong>inquiris,</strong></span> <span class='ocrx_word' id='word_1_234' title='bbox 1835 1868 2048 1915; x_wconf 59' lang='lat' dir='ltr'><strong>honestis</strong></span> <span class='ocrx_word' id='word_1_235' title='bbox 2077 1868 2371 1914; x_wconf 81' lang='lat' dir='ltr'><strong>mandato.“</strong></span> 
     </span>
    </p>
   </div>
   <div class='ocr_carea' id='block_1_6' title="bbox 222 1971 2435 2357">
    <p class='ocr_par' dir='ltr' id='par_1_7' title="bbox 222 1971 2435 2357">
     <span class='ocr_line' id='line_1_26' title="bbox 371 1971 2435 2030; baseline 0 -12"><span class='ocrx_word' id='word_1_236' title='bbox 371 1974 419 2019; x_wconf 82' lang='lat'><strong>6.</strong></span> <span class='ocrx_word' id='word_1_237' title='bbox 458 1972 617 2019; x_wconf 89' lang='lat' dir='ltr'><strong>Etiam</strong></span> <span class='ocrx_word' id='word_1_238' title='bbox 666 1973 828 2020; x_wconf 87' lang='lat' dir='ltr'><strong>militis</strong></span> <span class='ocrx_word' id='word_1_239' title='bbox 869 1988 971 2018; x_wconf 91' lang='lat' dir='ltr'><strong>non</strong></span> <span class='ocrx_word' id='word_1_240' title='bbox 1010 1972 1281 2018; x_wconf 88' lang='lat' dir='ltr'><strong>libertatem</strong></span> <span class='ocrx_word' id='word_1_241' title='bbox 1323 1976 1538 2030; x_wconf 88' lang='lat' dir='ltr'><strong>tantum,</strong></span> <span class='ocrx_word' id='word_1_242' title='bbox 1593 1974 1679 2020; x_wconf 90' lang='lat' dir='ltr'><strong>sed</strong></span> <span class='ocrx_word' id='word_1_243' title='bbox 1728 1980 1779 2020; x_wconf 88' lang='lat' dir='ltr'><strong>et</strong></span> <span class='ocrx_word' id='word_1_244' title='bbox 1829 1975 2144 2021; x_wconf 88' lang='lat' dir='ltr'><strong>temeritatem</strong></span> <span class='ocrx_word' id='word_1_245' title='bbox 2189 1973 2314 2020; x_wconf 86' lang='lat' dir='ltr'><strong>tulit.</strong></span> <span class='ocrx_word' id='word_1_246' title='bbox 2376 1971 2435 2018; x_wconf 90' lang='lat' dir='ltr'><strong>In</strong></span> 
     </span>
     <span class='ocr_line' id='line_1_27' title="bbox 222 2037 2435 2102; baseline 0 -20"><span class='ocrx_word' id='word_1_247' title='bbox 222 2037 427 2099; x_wconf 81' lang='lat' dir='ltr'><strong>quadam</strong></span> <span class='ocrx_word' id='word_1_248' title='bbox 457 2037 572 2084; x_wconf 86' lang='lat' dir='ltr'><strong>villa</strong></span> <span class='ocrx_word' id='word_1_249' title='bbox 601 2037 832 2098; x_wconf 86' lang='lat' dir='ltr'><strong>inquietas</strong></span> <span class='ocrx_word' id='word_1_250' title='bbox 871 2040 1037 2083; x_wconf 86' lang='lat' dir='ltr'><strong>noctes</strong></span> <span class='ocrx_word' id='word_1_251' title='bbox 1079 2037 1275 2099; x_wconf 87' lang='lat' dir='ltr'><strong>agebat,</strong></span> <span class='ocrx_word' id='word_1_252' title='bbox 1317 2051 1428 2082; x_wconf 90' lang='lat' dir='ltr'><strong>rum</strong></span> <span class='ocrx_word' id='word_1_253' title='bbox 1524 2042 1573 2084; x_wconf 90' lang='lat' dir='ltr'><strong>te</strong></span> <span class='ocrx_word' id='word_1_254' title='bbox 1613 2053 1833 2085; x_wconf 89' lang='lat' dir='ltr'><strong>somnum</strong></span> <span class='ocrx_word' id='word_1_255' title='bbox 1882 2037 1984 2102; x_wconf 88' lang='lat' dir='ltr'><strong>ejus</strong></span> <span class='ocrx_word' id='word_1_256' title='bbox 2028 2039 2194 2085; x_wconf 87' lang='lat' dir='ltr'><strong>crebro</strong></span> <span class='ocrx_word' id='word_1_257' title='bbox 2234 2040 2435 2084; x_wconf 86' lang='lat' dir='ltr'><strong>noctuae</strong></span> 
     </span>
     <span class='ocr_line' id='line_1_28' title="bbox 223 2099 2435 2167; baseline -0 -21"><span class='ocrx_word' id='word_1_258' title='bbox 223 2104 380 2167; x_wconf 79' lang='lat' dir='ltr'><strong>cantu.</strong></span> <span class='ocrx_word' id='word_1_259' title='bbox 454 2099 786 2167; x_wconf 79' lang='lat' dir='ltr'><strong>Prendendam</strong></span> <span class='ocrx_word' id='word_1_260' title='bbox 827 2100 1008 2148; x_wconf 84' lang='lat' dir='ltr'><strong>curavit</strong></span> <span class='ocrx_word' id='word_1_261' title='bbox 1045 2104 1288 2147; x_wconf 87' lang='lat' dir='ltr'><strong>noctuam.</strong></span> <span class='ocrx_word' id='word_1_262' title='bbox 1352 2100 1435 2145; x_wconf 86' lang='lat' dir='ltr'><strong>Mil</strong></span> <span class='ocrx_word' id='word_1_263' title='bbox 1528 2103 1717 2164; x_wconf 89' lang='lat' dir='ltr'><strong>aucupii</strong></span> <span class='ocrx_word' id='word_1_264' title='bbox 1759 2103 1963 2164; x_wconf 86' lang='lat' dir='ltr'><strong>peritus,</strong></span> <span class='ocrx_word' id='word_1_265' title='bbox 2007 2107 2055 2149; x_wconf 90' lang='lat' dir='ltr'><strong>et</strong></span> <span class='ocrx_word' id='word_1_266' title='bbox 2098 2116 2186 2167; x_wconf 86' lang='lat' dir='ltr'><strong>spe</strong></span> <span class='ocrx_word' id='word_1_267' title='bbox 2226 2100 2435 2163; x_wconf 74' lang='lat' dir='ltr'><strong>ingentis</strong></span> 
     </span>
     <span class='ocr_line' id='line_1_29' title="bbox 223 2163 2435 2230; baseline -0.001 -19"><span class='ocrx_word' id='word_1_268' title='bbox 223 2163 439 2230; x_wconf 86' lang='lat' dir='ltr'><strong>praemii,</strong></span> <span class='ocrx_word' id='word_1_269' title='bbox 471 2163 681 2227; x_wconf 86' lang='lat' dir='ltr'><strong>pertulit.</strong></span> <span class='ocrx_word' id='word_1_270' title='bbox 746 2164 961 2211; x_wconf 88' lang='lat' dir='ltr'><strong>Laudato</strong></span> <span class='ocrx_word' id='word_1_271' title='bbox 991 2164 1255 2225; x_wconf 86' lang='lat' dir='ltr'><strong>imperator</strong></span> <span class='ocrx_word' id='word_1_272' title='bbox 1284 2164 1416 2211; x_wconf 89' lang='lat' dir='ltr'><strong>mille</strong></span> <span class='ocrx_word' id='word_1_273' title='bbox 1446 2181 1669 2212; x_wconf 86' lang='lat' dir='ltr'><strong>nummos</strong></span> <span class='ocrx_word' id='word_1_274' title='bbox 1701 2167 1803 2212; x_wconf 87' lang='lat' dir='ltr'><strong>dari</strong></span> <span class='ocrx_word' id='word_1_275' title='bbox 1829 2165 1977 2228; x_wconf 81' lang='lat' dir='ltr'><strong>jussit.</strong></span> <span class='ocrx_word' id='word_1_276' title='bbox 2040 2165 2131 2211; x_wconf 79' lang='lat' dir='ltr'><strong>Ille</strong></span> <span class='ocrx_word' id='word_1_277' title='bbox 2176 2179 2319 2211; x_wconf 85' lang='lat' dir='ltr'><strong>ausus</strong></span> <span class='ocrx_word' id='word_1_278' title='bbox 2362 2168 2435 2210; x_wconf 86' lang='lat' dir='ltr'><strong>est</strong></span> 
     </span>
     <span class='ocr_line' id='line_1_30' title="bbox 223 2225 2432 2290; baseline 0 -15"><span class='ocrx_word' id='word_1_279' title='bbox 223 2225 406 2287; x_wconf 82' lang='lat' dir='ltr'><strong>dicere,</strong></span> <span class='ocrx_word' id='word_1_280' title='bbox 447 2229 623 2288; x_wconf 83' lang='lat' dir='ltr'><strong>„Malo</strong></span> <span class='ocrx_word' id='word_1_281' title='bbox 663 2227 867 2274; x_wconf 80' lang='lat' dir='ltr'><strong>vz&#39;vat=“</strong></span> <span class='ocrx_word' id='word_1_282' title='bbox 906 2243 1140 2290; x_wconf 85' lang='lat' dir='ltr'><strong>avemque</strong></span> <span class='ocrx_word' id='word_1_283' title='bbox 1183 2227 1371 2275; x_wconf 88' lang='lat' dir='ltr'><strong>dimisit.</strong></span> <span class='ocrx_word' id='word_1_284' title='bbox 1437 2229 1551 2288; x_wconf 76' lang='lat' dir='ltr'><strong>Quis</strong></span> <span class='ocrx_word' id='word_1_285' title='bbox 1592 2247 1692 2277; x_wconf 88' lang='lat' dir='ltr'><strong>non</strong></span> <span class='ocrx_word' id='word_1_286' title='bbox 1731 2231 1925 2278; x_wconf 82' lang='lat' dir='ltr'><strong>miratus</strong></span> <span class='ocrx_word' id='word_1_287' title='bbox 1966 2236 2065 2290; x_wconf 88' lang='lat' dir='ltr'><strong>est,</strong></span> <span class='ocrx_word' id='word_1_288' title='bbox 2108 2228 2210 2277; x_wconf 87' lang='lat' dir='ltr'><strong>non</strong></span> <span class='ocrx_word' id='word_1_289' title='bbox 2252 2226 2432 2277; x_wconf 83' lang='lat' dir='ltr'><strong>offenso</strong></span> 
     </span>
     <span class='ocr_line' id='line_1_31' title="bbox 223 2289 1257 2357; baseline 0 -18"><span class='ocrx_word' id='word_1_290' title='bbox 223 2293 425 2357; x_wconf 67' lang='lat' dir='ltr'><strong>Caesare</strong></span> <span class='ocrx_word' id='word_1_291' title='bbox 457 2294 625 2352; x_wconf 77' lang='lat' dir='ltr'><strong>abiisse</strong></span> <span class='ocrx_word' id='word_1_292' title='bbox 656 2292 868 2340; x_wconf 79' lang='lat' dir='ltr'><strong>militem·</strong></span> <span class='ocrx_word' id='word_1_293' title='bbox 882 2289 1257 2343; x_wconf 81' lang='lat' dir='ltr'><strong>contumacem?</strong></span> 
     </span>
    </p>
   </div>
   <div class='ocr_carea' id='block_1_7' title="bbox 270 2416 398 2421">
    <p class='ocr_par' dir='ltr' id='par_1_8' title="bbox 270 2416 398 2421">
     <span class='ocr_line' id='line_1_32' title="bbox 270 2416 398 2421; baseline 0 0"><span class='ocrx_word' id='word_1_294' title='bbox 270 2416 398 2421; x_wconf 95' lang='lat' dir='ltr'><strong> </strong></span> 
     </span>
    </p>
   </div>
   <div class='ocr_carea' id='block_1_8' title="bbox 206 2480 2430 2750">
    <p class='ocr_par' dir='ltr' id='par_1_9' title="bbox 206 2480 2430 2750">
     <span class='ocr_line' id='line_1_33' title="bbox 222 2480 2426 2539; baseline 0.001 -19"><span class='ocrx_word' id='word_1_295' title='bbox 222 2483 360 2535; x_wconf 72' lang='lat' dir='ltr'><strong>specie</strong></span> <span class='ocrx_word' id='word_1_296' title='bbox 387 2483 492 2534; x_wconf 70' lang='lat' dir='ltr'><strong>legis</strong></span> <span class='ocrx_word' id='word_1_297' title='bbox 520 2480 765 2532; x_wconf 79' lang='lat' dir='ltr'><strong>majestatis,</strong></span> <span class='ocrx_word' id='word_1_298' title='bbox 804 2482 1020 2529; x_wconf 78' lang='lat' dir='ltr'><strong>tractavit,</strong></span> <span class='ocrx_word' id='word_1_299' title='bbox 1057 2493 1122 2530; x_wconf 76' lang='lat' dir='ltr'><strong>et,</strong></span> <span class='ocrx_word' id='word_1_300' title='bbox 1160 2493 1208 2522; x_wconf 87' lang='lat' dir='ltr'><strong>ut</strong></span> <span class='ocrx_word' id='word_1_301' title='bbox 1236 2493 1411 2523; x_wconf 74' lang='lat' dir='ltr'><strong>testatur</strong></span> <span class='ocrx_word' id='word_1_302' title='bbox 1438 2484 1661 2525; x_wconf 83' lang='lat' dir='ltr'><strong>Suetonius</strong></span> <span class='ocrx_word' id='word_1_303' title='bbox 1691 2499 1724 2524; x_wconf 85' lang='lat' dir='ltr'><strong>c.</strong></span> <span class='ocrx_word' id='word_1_304' title='bbox 1755 2485 1954 2539; x_wconf 70' lang='lat' dir='ltr'><strong>55..jocin</strong></span> <span class='ocrx_word' id='word_1_305' title='bbox 1983 2497 2147 2538; x_wconf 82' lang='lat' dir='ltr'><strong>quoque</strong></span> <span class='ocrx_word' id='word_1_306' title='bbox 2173 2481 2426 2536; x_wconf 77' lang='lat' dir='ltr'><strong>quorundam</strong></span> 
     </span>
     <span class='ocr_line' id='line_1_34' title="bbox 212 2533 2428 2592; baseline 0 -20"><span class='ocrx_word' id='word_1_307' title='bbox 212 2535 509 2575; x_wconf 63' lang='lat' dir='ltr'><strong>⁴im’idiosiret</strong></span> <span class='ocrx_word' id='word_1_308' title='bbox 542 2533 821 2587; x_wconf 74' lang='lat' dir='ltr'><strong>petulantibus</strong></span> <span class='ocrx_word' id='word_1_309' title='bbox 848 2535 1064 2574; x_wconf 65' lang='lat' dir='ltr'><strong>lacessitus</strong></span> <span class='ocrx_word' id='word_1_310' title='bbox 1093 2535 1228 2576; x_wconf 85' lang='lat' dir='ltr'><strong>edicto</strong></span> <span class='ocrx_word' id='word_1_311' title='bbox 1258 2538 1520 2578; x_wconf 83' lang='lat' dir='ltr'><strong>contradixit.</strong></span> <span class='ocrx_word' id='word_1_312' title='bbox 1569 2539 1733 2592; x_wconf 82' lang='lat' dir='ltr'><strong>Quodsi</strong></span> <span class='ocrx_word' id='word_1_313' title='bbox 1761 2549 2096 2576; x_wconf 80' lang='lat' dir='ltr'><strong>testamentorum</strong></span> <span class='ocrx_word' id='word_1_314' title='bbox 2124 2537 2346 2581; x_wconf 77' lang='lat' dir='ltr'><strong>licentiam,</strong></span> <span class='ocrx_word' id='word_1_315' title='bbox 2377 2535 2428 2573; x_wconf 87' lang='lat' dir='ltr'><strong>de</strong></span> 
     </span>
     <span class='ocr_line' id='line_1_35' title="bbox 211 2586 2428 2641; baseline 0.001 -16"><span class='ocrx_word' id='word_1_316' title='bbox 211 2602 303 2640; x_wconf 80' lang='lat' dir='ltr'><strong>qua</strong></span> <span class='ocrx_word' id='word_1_317' title='bbox 330 2590 503 2639; x_wconf 81' lang='lat' dir='ltr'><strong>Lipsius</strong></span> <span class='ocrx_word' id='word_1_318' title='bbox 532 2589 583 2624; x_wconf 80' lang='lat' dir='ltr'><strong>ad</strong></span> <span class='ocrx_word' id='word_1_319' title='bbox 612 2589 748 2631; x_wconf 62' lang='lat' dir='ltr'><strong>Taciti</strong></span> <span class='ocrx_word' id='word_1_320' title='bbox 776 2589 884 2626; x_wconf 87' lang='lat' dir='ltr'><strong>Ann.</strong></span> <span class='ocrx_word' id='word_1_321' title='bbox 910 2589 1030 2626; x_wconf 87' lang='lat' dir='ltr'><strong>Libr.</strong></span> <span class='ocrx_word' id='word_1_322' title='bbox 1059 2592 1131 2628; x_wconf 83' lang='lat' dir='ltr'><strong>Vl.</strong></span> <span class='ocrx_word' id='word_1_323' title='bbox 1161 2605 1195 2629; x_wconf 82' lang='lat' dir='ltr'><strong>c.</strong></span> <span class='ocrx_word' id='word_1_324' title='bbox 1224 2597 1309 2636; x_wconf 60' lang='lat'><strong>38..</strong></span> <span class='ocrx_word' id='word_1_325' title='bbox 1344 2592 1525 2631; x_wconf 85' lang='lat' dir='ltr'><strong>inhiberi</strong></span> <span class='ocrx_word' id='word_1_326' title='bbox 1550 2593 1709 2641; x_wconf 77' lang='lat' dir='ltr'><strong>vetuit,</strong></span> <span class='ocrx_word' id='word_1_327' title='bbox 1751 2607 1836 2631; x_wconf 78' lang='lat' dir='ltr'><strong>non</strong></span> <span class='ocrx_word' id='word_1_328' title='bbox 1865 2596 2036 2631; x_wconf 80' lang='lat' dir='ltr'><strong>multum</strong></span> <span class='ocrx_word' id='word_1_329' title='bbox 2073 2588 2206 2629; x_wconf 74' lang='lat' dir='ltr'><strong>laudis</strong></span> <span class='ocrx_word' id='word_1_330' title='bbox 2239 2587 2338 2628; x_wconf 86' lang='lat' dir='ltr'><strong>inde</strong></span> <span class='ocrx_word' id='word_1_331' title='bbox 2375 2586 2428 2627; x_wconf 75' lang='lat' dir='ltr'><strong>ad</strong></span> 
     </span>
     <span class='ocr_line' id='line_1_36' title="bbox 210 2640 2430 2697; baseline 0.001 -19"><span class='ocrx_word' id='word_1_332' title='bbox 210 2654 314 2679; x_wconf 85' lang='lat' dir='ltr'><strong>¹eum</strong></span> <span class='ocrx_word' id='word_1_333' title='bbox 342 2642 464 2680; x_wconf 82' lang='lat' dir='ltr'><strong>redit.</strong></span> <span class='ocrx_word' id='word_1_334' title='bbox 509 2643 582 2681; x_wconf 75' lang='lat' dir='ltr'><strong>‚Ac</strong></span> <span class='ocrx_word' id='word_1_335' title='bbox 603 2641 816 2693; x_wconf 75' lang='lat' dir='ltr'><strong>plerique,</strong></span> <span class='ocrx_word' id='word_1_336' title='bbox 858 2653 962 2693; x_wconf 82' lang='lat' dir='ltr'><strong>quoa</strong></span> <span class='ocrx_word' id='word_1_337' title='bbox 985 2640 1226 2680; x_wconf 65' lang='lat' dir='ltr'><strong>Macrobius</strong></span> <span class='ocrx_word' id='word_1_338' title='bbox 1255 2642 1450 2696; x_wconf 81' lang='lat' dir='ltr'><strong>deinceps</strong></span> <span class='ocrx_word' id='word_1_339' title='bbox 1476 2646 1663 2697; x_wconf 79' lang='lat' dir='ltr'><strong>profert,</strong></span> <span class='ocrx_word' id='word_1_340' title='bbox 1688 2642 1864 2684; x_wconf 81' lang='lat' dir='ltr'><strong>aliorum</strong></span> <span class='ocrx_word' id='word_1_341' title='bbox 1894 2647 1974 2696; x_wconf 88' lang='lat' dir='ltr'><strong>joci</strong></span> <span class='ocrx_word' id='word_1_342' title='bbox 1999 2653 2095 2681; x_wconf 77' lang='lat' dir='ltr'><strong>sunt</strong></span> <span class='ocrx_word' id='word_1_343' title='bbox 2122 2642 2353 2692; x_wconf 75' lang='lat' dir='ltr'><strong>ejusmodi,</strong></span> <span class='ocrx_word' id='word_1_344' title='bbox 2380 2652 2430 2680; x_wconf 77' lang='lat' dir='ltr'><strong>ut</strong></span> 
     </span>
     <span class='ocr_line' id='line_1_37' title="bbox 206 2695 2258 2750; baseline 0.002 -17"><span class='ocrx_word' id='word_1_345' title='bbox 206 2706 305 2733; x_wconf 86' lang='lat' dir='ltr'><strong>-non</strong></span> <span class='ocrx_word' id='word_1_346' title='bbox 323 2701 583 2748; x_wconf 76' lang='lat' dir='ltr'><strong>magnopere</strong></span> <span class='ocrx_word' id='word_1_347' title='bbox 605 2704 776 2746; x_wconf 68' lang='lat' dir='ltr'><strong>poscent</strong></span> <span class='ocrx_word' id='word_1_348' title='bbox 803 2697 895 2746; x_wconf 74' lang='lat' dir='ltr'><strong>ejus</strong></span> <span class='ocrx_word' id='word_1_349' title='bbox 917 2695 1096 2733; x_wconf 76' lang='lat' dir='ltr'><strong>animum</strong></span> <span class='ocrx_word' id='word_1_350' title='bbox 1120 2696 1281 2735; x_wconf 72' lang='lat' dir='ltr'><strong>laedere</strong></span> <span class='ocrx_word' id='word_1_351' title='bbox 1305 2707 1349 2735; x_wconf 84' lang='lat' dir='ltr'><strong>et</strong></span> <span class='ocrx_word' id='word_1_352' title='bbox 1373 2700 1608 2750; x_wconf 65' lang='lat' dir='ltr'><strong>superbiam</strong></span> <span class='ocrx_word' id='word_1_353' title='bbox 1637 2699 1971 2749; x_wconf 82' lang='lat' dir='ltr'><strong>iracundiamque</strong></span> <span class='ocrx_word' id='word_1_354' title='bbox 1999 2704 2258 2748; x_wconf 61' lang='lat' dir='ltr'><strong>exasperata»</strong></span> 
     </span>
    </p>
   </div>
   <div class='ocr_carea' id='block_1_9' title="bbox 206 2768 2426 2896">
    <p class='ocr_par' dir='ltr' id='par_1_10' title="bbox 206 2768 2426 2896">
     <span class='ocr_line' id='line_1_38' title="bbox 206 2768 2426 2851; baseline 0.003 -24"><span class='ocrx_word' id='word_1_355' title='bbox 206 2833 211 2837; x_wconf 47' lang='grc'><strong>,</strong></span> <span class='ocrx_word' id='word_1_356' title='bbox 244 2842 253 2851; x_wconf 34' lang='lat'><strong><em>⁹</em></strong></span> <span class='ocrx_word' id='word_1_357' title='bbox 287 2794 366 2847; x_wconf 20' lang='grc'><strong>4-4.</strong></span> <span class='ocrx_word' id='word_1_358' title='bbox 394 2789 639 2851; x_wconf 42' lang='grc' dir='ltr'><strong>Βομζῃῖῴιίο,</strong></span> <span class='ocrx_word' id='word_1_359' title='bbox 665 2782 754 2829; x_wconf 75' lang='lat' dir='ltr'><strong>aive</strong></span> <span class='ocrx_word' id='word_1_360' title='bbox 780 2790 915 2831; x_wconf 69' lang='lat' dir='ltr'><strong>la‘cmo</strong></span> <span class='ocrx_word' id='word_1_361' title='bbox 939 2791 1110 2839; x_wconf 77' lang='lat' dir='ltr'><strong>liberto,</strong></span> <span class='ocrx_word' id='word_1_362' title='bbox 1136 2768 1321 2845; x_wconf 68' lang='lat' dir='ltr'><strong>gratioso</strong></span> <span class='ocrx_word' id='word_1_363' title='bbox 1346 2792 1566 2834; x_wconf 77' lang='lat' dir='ltr'><strong>admodum</strong></span> <span class='ocrx_word' id='word_1_364' title='bbox 1594 2794 1703 2847; x_wconf 86' lang='lat' dir='ltr'><strong>apud</strong></span> <span class='ocrx_word' id='word_1_365' title='bbox 1723 2781 1959 2850; x_wconf 51' lang='lat' dir='ltr'><strong>¹August-um</strong></span> <span class='ocrx_word' id='word_1_366' title='bbox 1986 2772 2261 2848; x_wconf 37' lang='lat' dir='ltr'><strong>adpetente,</strong></span> <span class='ocrx_word' id='word_1_367' title='bbox 2285 2790 2426 2843; x_wconf 80' lang='lat' dir='ltr'><strong>copio-</strong></span> 
     </span>
     <span class='ocr_line' id='line_1_39' title="bbox 219 2843 1783 2896; baseline 0.001 -14"><span class='ocrx_word' id='word_1_368' title='bbox 219 2856 305 2882; x_wconf 74' lang='lat' dir='ltr'><strong>nua</strong></span> <span class='ocrx_word' id='word_1_369' title='bbox 332 2856 508 2896; x_wconf 71' lang='lat' dir='ltr'><strong>exposui</strong></span> <span class='ocrx_word' id='word_1_370' title='bbox 533 2856 578 2893; x_wconf 61' lang='lat' dir='ltr'><strong>in</strong></span> <span class='ocrx_word' id='word_1_371' title='bbox 603 2843 780 2885; x_wconf 73' lang='lat' dir='ltr'><strong>Exeura.</strong></span> <span class='ocrx_word' id='word_1_372' title='bbox 807 2845 881 2885; x_wconf 78' lang='lat' dir='ltr'><strong>VI.</strong></span> <span class='ocrx_word' id='word_1_373' title='bbox 1781 2853 1783 2855; x_wconf 78' lang='grc'>’</span> 
     </span>
    </p>
   </div>
  </div>
 </body>
</html>
