2713 3226
295 101 375 161 16

289 249 353 297 11·
385 246 526 296 Libr-
556 240 665 294 m·
692 258 741 292 θ·
773 242 880 293 45.=
921 243 1032 305 „lut
1053 241 1403 307 Βῖωτῳοῃθ
1424 243 1866 313 ijquuem
1903 246 2520 303 ὠωωῶεηῂ

287 312 381 361 hac
414 324 614 363 conara
644 314 919 370 nuncupat,
963 310 1006 355 si
1036 309 1640 372 diligentenaosti-ntur
1680 316 1864 375 musta,
1903 316 2519 380 mgnamtishumsme

286 376 589 439 reperiantur
631 372 965 432 volumimw).
1034 371 1241 433 Repulsa
1268 372 1352 419 in·
1367 373 1644 437 ÷Magisterio
1675 375 1915 438 ‚Equitum
1948 380 2088 443 *apud
2108 380 2450 431 vammlumz-
2463 383 2521 431 α

286 444 452 489 contra
483 436 768 499 petitionem
811 434 917 499 ejus
957 427 1199 499 praelatus
1240 435 1479 500 Lepidus,
1494 482 1497 483 γ
1515 439 1890 501 {inscriptions
1904 444 2161 506 {invidi->s
2349 445 2378 457 ⁴·
2429 447 2437 485 ξ
2465 447 2520 493 in·

286 502 621 554 'triumviratu
653 501 986 562 pessimormn.
1007 500 1202 559 civium,
1225 516 1324 549 nec
1351 502 1712 563 aequm->saltem
1727 506 2014 566 f-por-fiomf·
2029 509 2130 555 sed.
2144 507 2389 572 praegraui
2418 508 2521 557 Aa.

283 566 441 623 tonio3
485 564 778 627 Philippensi
810 563 995 625 proelio
1021 564 1238 625 morbus,
1270 564 1384 629 fuga
1414 570 1465 613 et
1496 565 1659 613 triduo
1684 566 1738 612 in
1767 568 1945 630 palude
1958 572 2168 635 'aegroti
2182 577 2245 620 et·
2258 574 2338 634 (ut
2366 572 2536 620 ἐδίην’

282 635 367 678 tur
409 630 616 693 Agrippa
654 632 705 674 et
744 626 1020 689 Maecenas)
1076 643 1200 691 aqua
1243 630 1411 677 subter
1447 635 1622 676 cutem‘
1649 629 1755 677 fusa
1794 633 1974 694 turgidi
2013 635 2222 694 latebra,
2275 636 2520 700 naufragia

283 695 449 746 Sicula
479 698 531 740 et
560 692 663 739 alia
693 692 766 738 ibi
798 708 996 755 quoque
1032 693 1085 740 in
1123 693 1351 754 spelunca
1384 693 1655 754 occultatio.
1726 693 1838 741 Jam
1874 696 1929 741 in
1966 698 2127 744 navali
2167 698 2282 761 fuga
2321 704 2520 763 urgente

282 758 491 804 hostium
518 770 683 814 manu,
709 770 880 817 preces
908 754 1158 819 Ptoculejo
1183 757 1354 803 mortis
1383 758 1620 815 admotae,
1647 772 1761 804 cura
1790 758 2050 805 Perusinae
2078 763 2410 822 contentionis,
2440 778 2519 811 so-

279 821 473 869 licitudo
503 819 671 865 Martis
706 820 902 878 Actiaci,
934 820 1221 867 Pannonicis
1249 820 1387 875 bellis
1416 820 1555 867 ruina
1587 835 1616 867 e
1644 821 1778 882 Uirri,
1814 825 1885 868 tot
1912 822 2171 873 seditiones
2199 823 2418 885 militum,
2447 831 2521 874 tot

279 884 514 947 ancipites
539 881 702 930 morbi
734 884 976 945 corporis3
1020 888 1241 945 suspecta
1283 884 1498 931 Marcelli
1540 883 1680 943 vota,
1714 878 1950 947 'pudenda
1972 885 2228 950 “Agrippae
2268 887 2518 952 ablegatio,

279 949 423 1011 toties
454 947 600 1009 petita
631 947 819 994 insidiis
850 948 972 1005 vita,
1004 947 1243 995 incusatae
1261 947 1537 1011 'liberorum
1562 952 1747 996 =mortes
1760 1006 1763 1009 ,
1778 949 2025 1011 luctusque
2057 966 2157 1010 non
2166 955 2363 1000 ‚tantum
2385 954 2519 999 orbi·
2541 945 2555 953 ”

279 1017 379 1060 tate
401 1012 579 1069 tristes,
614 1011 898 1057 adulterium
915 1011 1041 1056 filiae
1063 1015 1114 1056 et
1143 1011 1341 1057 consilia
1370 1011 1635 1071 parricidae
1661 1012 1823 1084 palam
1851 1012 1991 1071 facta,-
2017 1013 2387 1062 contumeliosus
2415 1016 2518 1077 pri-

279 1076 416 1138 vigui
448 1075 650 1121 Neronis
682 1088 922 1132 secessus,
963 1074 1093 1120 aliud
1118 1074 1274 1135 neptis
1313 1074 1616 1132 adulterium,
1655 1078 1820 1138 juncta
1854 1076 2032 1123 deinde
2059 1081 2129 1123 tot
2164 1077 2311 1136 mala,
2354 1079 2519 1142 inopia

278 1139 536 1201 stipendii,
578 1138 775 1184 rebellio
808 1138 1013 1198 Illyrici,
1061 1137 1367 1185 servitiorum
1399 1138 1640 1197 delectus,
1683 1137 1942 1201 juventutis
1980 1141 2206 1201 penuria,
2247 1143 2518 1202 pestilentia

279 1204 444 1262 Urbis,
474 1201 626 1248 fames
659 1202 854 1264 sitisque
883 1202 1064 1261 Italiae,
1095 1201 1349 1248 destinatio
1381 1201 1659 1265 exspirandi
1685 1207 1734 1250 et
1766 1203 2004 1266 quatridui
2026 1204 2192 1261 ,inedia
2219 1203 2375 1269 major
2405 1220 2518 1269 pars

388 1324 460 1366 26)
489 1319 660 1358 Solinus
691 1333 724 1356 c.
758 1326 809 1365 1.,
837 1319 950 1357 hunc
976 1318 1108 1357 Plinii
1136 1320 1277 1356 locum
1307 1318 1563 1366 exscribens,
1604 1327 1719 1358 tanta
1748 1319 1808 1358 ait
1844 1328 1886 1359 et
1913 1327 1977 1358 tot
2005 1319 2050 1357 in
2078 1318 2258 1374 Augusti
2286 1321 2371 1360 vita
2401 1321 2516 1361 inve-

276 1374 363 1412 niri
400 1372 601 1419 adversa,
642 1382 691 1410 ut
728 1386 813 1410 non
849 1373 906 1411 sit
934 1373 1061 1410 facile
1091 1371 1344 1422 discernere,
1372 1373 1652 1412 calamitosior
1679 1387 1730 1411 an
1758 1373 1921 1411 beatior
1948 1373 2088 1412 fuerit.
2120 1396 2167 1404 —
2196 1375 2305 1413 Loci
2332 1374 2517 1422 Pliniani

280 1427 406 1467 verba
436 1426 700 1478 transscripsi
730 1439 781 1464 ex
811 1425 997 1464 editione
1022 1426 1248 1476 Lipsiensi,
1279 1439 1398 1478 quam
1419 1440 1550 1478 nuper
1571 1425 1750 1465 absolvit
1763 1428 1806 1465 J.
1827 1427 2011 1475 sinigas,
2036 1427 2088 1465 V.
2106 1428 2163 1466 cl.
2187 1432 2228 1465 et
2246 1430 2293 1466 de
2317 1428 2517 1466 illo'anti·

279 1480 454 1533 quitatis
486 1493 611 1533 opere
641 1481 804 1531 egregie
833 1480 1018 1517 meritus.
1076 1478 1209 1530 Quem
1241 1492 1331 1516 cum
1352 1492 1512 1517 nossem
1534 1479 1699 1517 eximiis
1721 1478 1918 1518 Codicum
1939 1478 2136 1518 subsidiis
2156 1481 2403 1528 instructum
2424 1495 2515 1519 cum

277 1534 456 1572 maxime
484 1533 638 1572 versari
667 1530 915 1583 in'paranda
946 1534 1101 1583 majore
1132 1545 1262 1583 eaque
1287 1533 1428 1570 critica
1450 1533 1505 1571 N.
1524 1534 1579 1571 H.
1610 1532 1811 1582 editione,
1839 1533 1998 1585 rogavi,
2028 1541 2076 1570 ut
2103 1533 2138 1571 si
2163 1534 2265 1587 quid
2285 1535 2328 1571 in
2352 1528 2514 1573 schedis

275 1587 465 1633 haberet,
497 1585 611 1639 quod
638 1585 691 1623 ad
719 1586 760 1624 h.
790 1589 816 1624 l.
847 1586 935 1624 sive
965 1584 1295 1623 emendationem
1329 1586 1415 1624 sive
1443 1586 1831 1636 interpretationem
1859 1586 2087 1636 pertineret
2115 1596 2240 1639 atque
2260 1587 2385 1625 affine
2407 1597 2516 1626 esset

278 1641 417 1679 libelli
436 1640 516 1679 mei
538 1648 777 1692 argumento
802 1649 843 1677 et
861 1638 1053 1685 consilio,
1077 1638 1279 1677 benevole
1300 1652 1458 1677 mecum
1480 1640 1815 1678 communicaret.
1860 1640 1902 1678 Is
1919 1652 1994 1691 pro
2025 1652 2085 1687 ea,
2118 1653 2197 1692 qua
2217 1654 2281 1679 me
2302 1641 2516 1693 amplecti·

279 1704 368 1739 tur,
398 1694 582 1732 amicitia
614 1692 729 1731 brevi
756 1702 853 1744 post
882 1691 932 1730 ad
961 1705 1039 1737 me,
1070 1701 1231 1743 praeter
1259 1693 1461 1731 lectiones
1497 1692 1666 1731 Co'd'mis
1692 1693 1876 1744 Parisini
1894 1694 1981 1731 sive
1999 1693 2124 1746 Regii
2145 1694 2218 1743 11.,
2248 1692 2516 1733 Riccardiani

279 1758 322 1786 et
348 1748 562 1793 Toletani,
592 1746 642 1783 de
673 1747 823 1798 quibus
854 1747 897 1782 in
925 1746 1102 1785 Praefat.
1133 1746 1226 1783 Vol.
1258 1747 1306 1783 V.
1340 1755 1530 1784 accurate
1554 1746 1770 1798 exposuit,
1805 1746 1929 1784 stiam
1957 1744 2131 1783 duorum
2161 1748 2347 1785 locorum
2379 1761 2514 1785 emen-

278 1800 470 1839 dationes
499 1799 743 1852 perscripsit
770 1798 1001 1850 perdignas,
1034 1811 1132 1849 quas
1159 1798 1248 1843 hic,
1280 1797 1324 1834 id
1354 1798 1467 1849 quod
1497 1799 1604 1837 bona
1631 1799 1935 1850 ve'nia‘optimi
1962 1799 2045 1840 viri
2074 1798 2266 1844 fecerim,
2296 1799 2514 1850 proferam.

275 1855 358 1891 Pro
391 1868 429 1890 v.
459 1854 679 1891 avunculum
707 1852 833 1889 habet
865 1850 969 1888 Cod.
999 1849 1190 1888 Riccard.
1218 1852 1521 1896 avuncularium,
1551 1851 1657 1891 Cod.
1686 1852 1816 1890 Paris.
1844 1853 2145 1891 ammaim-usn:
2173 1852 2340 1898 „Mirus
2370 1857 2514 1901 sane“,

278 1906 421 1958 inquit
448 1905 653 1957 Silligius‚
684 1907 801 1955 cujus
829 1904 964 1943 verbis
995 1913 1101 1949 utar,
1126 1903 1225 1950 „hic
1253 1915 1365 1940 error
1392 1904 1658 1941 librariorum
1678 1904 1812 1943 videri
1833 1913 1987 1955 potest,
2020 1903 2094 1942 sed
2117 1913 2158 1942 et
2180 1905 2248 1942 hic
2273 1904 2512 1951 videndum,

277 1974 377 1997 num
408 1973 460 1997 ex
488 1961 595 1995 mala
626 1958 830 2008 'scriptura
859 1969 989 2007 eaque
1015 1956 1059 1993 in
1086 1955 1377 2006 compendium
1396 1955 1559 1994 redacta
1584 1956 1758 1994 extundi
1779 1958 1915 2008 possit
1935 1969 2030 1996 vera
2055 1957 2188 2008 ipsius
2207 1957 2337 1995 Plinii
2355 1970 2513 1996 manus.

278 2012 428 2051 Caesar
456 2012 655 2050 Dictator
683 2009 864 2063 Augusti
892 2009 978 2047 fuit
1004 2010 1207 2048 avunculus
1229 2023 1405 2058 magnus,
1451 2022 1698 2062 quamquam
1738 2011 1903 2064 vulgari
1944 2010 2191 2061 scriptorum
2229 2009 2512 2052 Romanorum

276 2080 356 2105 usu
395 2066 600 2106 avunculus
631 2066 756 2117 major
793 2062 948 2102 dicitur
983 2063 1148 2113 (Vellei.
1177 2063 1336 2101 Patere.
1365 2063 1418 2100 11.
1451 2068 1516 2102 59.
1545 2063 1717 2102 Sueton.
1745 2063 1855 2116 Aug.
1884 2066 1956 2110 7.),
1989 2063 2100 2114 quod
2129 2064 2198 2101 hic
2227 2063 2513 2116 reponendum

277 2118 450 2158 credo.“
504 2118 665 2156 Eodem
689 2130 811 2156 versu
838 2129 913 2168 pro
942 2118 1059 2168 vulg.
1081 2119 1308 2165 petitionem,
1338 2124 1386 2153 ut
1414 2114 1541 2154 habet
1567 2117 1690 2154 etiam
1715 2115 1820 2156 cod.
1841 2116 2046 2163 Riccard„
2079 2116 2269 2169 Silligius
2298 2129 2350 2154 ex
2379 2116 2511 2156 Codd.

274 2172 407 2211 Paris.
436 2181 478 2210 et
503 2172 638 2211 Tolet.
665 2170 850 2221 praefert
875 2171 1097 2208 voluntatens
1124 2168 1188 2205 his
1218 2181 1316 2206 usus
1343 2168 1504 2207 verbisx
1538 2168 1935 2220 „Interpreteshaec
1957 2169 2085 2207 Plinii
2108 2171 2230 2208 verba
2254 2168 2436 2206 nondum
2461 2168 2512 2207 ad

276 2224 488 2277 liquidum
515 2224 822 2275 perduxerunt3
851 2223 1082 2268 videamus,
1116 2235 1215 2259 uum
1244 2221 1368 2258 nobis
1396 2233 1460 2259 res
1490 2222 1637 2259 melius
1668 2221 1828 2260 cedant.
1876 2221 2082 2273 Lepidus,
2111 2232 2255 2274 postea
2284 2222 2512 2272 Triumvir,

273 2279 487 2330 Magister
514 2278 714 2329 Equitum
745 2275 894 2314 dicitur
923 2274 1035 2327 apud
1074 2275 1209 2313 Dion.
1251 2273 1361 2312 Cass.
1390 2273 1552 2325 XLIII.
1581 2279 1645 2314 33.
1675 2287 1711 2314 a.
1738 2275 1791 2313 U.
1823 2274 1869 2314 G.
1898 2281 2006 2323 708„
2049 2285 2091 2314 et
2129 2288 2328 2327 perquam
2365 2275 2511 2318 verisi-

275 2332 378 2370 mile
408 2340 485 2378 est,
516 2331 651 2381 ipsum
677 2329 893 2368 Caesarem
920 2331 989 2368 vel
1017 2329 1196 2367 invitum
1227 2326 1339 2365 hunc
1368 2326 1569 2365 honorem
1598 2337 1817 2380 propterea
1844 2328 1888 2366 in
1919 2341 2012 2368 eum
2041 2328 2258 2378 detulisse,
2289 2326 2401 2380 quod
2429 2341 2511 2368 me·

274 2385 471 2429 minerat,
502 2383 678 2421 eundem
705 2382 912 2434 Lepidum
940 2381 1082 2434 paullo
1112 2391 1222 2426 ante,
1253 2389 1301 2419 ut
1329 2379 1478 2419 Caesar
1508 2380 1686 2420 dictator
1713 2381 1930 2429 diceretur,
1961 2392 2171 2421 auctorem
2203 2382 2345 2419 fuisse.
2402 2382 2509 2429 (Dio

277 2437 393 2477 Cass.
421 2437 540 2476 XLI.
567 2439 654 2485 36.)
710 2436 813 2474 Cum
841 2436 1004 2487 Lepido
1034 2436 1163 2489 igitur
1186 2434 1464 2473 octavianum
1486 2434 1776 2488 Magisterium
1795 2436 1996 2489 Equitum
2017 2434 2129 2487 apud
2150 2433 2363 2474 Caesarem
2382 2434 2512 2473 ambi·

274 2492 381 2538 isse,
411 2490 486 2530 sed
515 2503 538 2530 a
565 2490 762 2536 Caesare,
793 2490 866 2542 qui
892 2488 1059 2540 Lepido
1090 2486 1252 2541 aliquid
1281 2488 1387 2541 grati
1406 2488 1579 2535 faceret,
1609 2492 1813 2541 repulsam
1842 2499 1930 2528 tum
1950 2489 2123 2536 tulisse,
2151 2501 2201 2527 eo
2225 2487 2506 2526 confidentius

275 2547 486 2597 conjicere
514 2556 757 2596 possumus,
796 2542 908 2593 quod
936 2542 1061 2581 iidem
1090 2544 1264 2589 scimus,
1301 2543 1445 2593 paullo
1474 2551 1571 2593 post
1597 2541 1701 2581 illud
1728 2551 1890 2595 tempus
1922 2541 2158 2589 Caesarem,
2198 2554 2324 2594 quum
2353 2536 2510 2593 posse't,

278 2598 556 2639 Octavianum
585 2597 842 2650 Magistrum
869 2596 1067 2647 Equitum
1096 2596 1244 2635 fecisse
1272 2596 1381 2643 (Dio
1405 2594 1519 2637 Cass.
1541 2595 1697 2636 XLIII.
1728 2599 1829 2646 51.),
1856 2604 1905 2633 ut
1917 2594 2087 2633 scilicet
2105 2593 2181 2633 hac
2204 2595 2363 2633 ratione
2385 2595 2510 2647 hujus

276 2651 486 2692 voluntati
514 2651 790 2691 satisfaceret.
844 2648 910 2687 Ita
938 2648 1179 2699 explicanda
1208 2658 1356 2689 censeo
1386 2649 1509 2688 verba
1539 2649 1688 2689 Plinii:
1717 2651 1917 2699 paeleum
1952 2647 2131 2697 Lepidus.
2186 2648 2298 2686 Hinc
2334 2647 2378 2686 id
2408 2661 2511 2701 quo-

278 2717 361 2757 que
390 2706 611 2757 intelligas,
640 2718 715 2743 cur
744 2716 821 2755 ego
850 2702 1071 2741 lectionem
1103 2704 1322 2741 voluntatem
1358 2703 1647 2754 praetulerim,
1687 2716 1795 2755 quse
1835 2700 2041 2748 Caesaris,
2080 2714 2165 2740 non
2194 2701 2417 2741 Octaviani
2448 2710 2511 2741 est

276 2758 487 2811 putanda,
527 2758 579 2796 ad
608 2772 729 2810 quem
757 2758 795 2796 si
824 2769 871 2796 ea
899 2769 982 2796 vox
1015 2754 1258 2805 referretur,
1292 2770 1362 2794 sua
1389 2762 1523 2808 neque
1551 2760 1631 2810 ejus
1656 2755 1875 2794 dicendum
1904 2762 2003 2796 erat.
2056 2755 2224 2794 Etenim
2255 2755 2509 2794 Octavianus

277 2813 428 2865 petiit,
476 2810 626 2849 Caesar
652 2812 835 2851 voluit.“
892 2809 1055 2862 Quibus
1083 2811 1218 2846 lucem
1256 2809 1467 2860 accipiunt
1493 2823 1564 2857 ea,
1607 2822 1713 2863 quae
1750 2806 1899 2859 scripsi
1934 2820 2043 2846 anno
2079 2808 2288 2861 superiori
2326 2809 2374 2850 de
2401 2810 2507 2849 Gaas.

277 2867 449 2916 Augusta·
474 2866 672 2904 Juvemuse
696 2876 763 2904 etc.
793 2866 890 2915 Gap.
919 2863 953 2902 1.
983 2866 1018 2911 θ.
1047 2868 1086 2902 4.
1115 2871 1151 2901 et
1178 2864 1215 2901 5.
