2713 3226
2402 100 2444 156 9

227 248 384 318 Nepos
414 250 466 298 in
497 249 592 299 Vit.
619 248 764 302 Attici
795 264 838 299 c.
873 249 954 299 19.
985 247 1189 313 scripsit.
1218 248 1409 311 „Tanta
1437 238 1725 314 prosperitas
1758 247 2005 296 Caesarem
2031 247 2339 312 (Augustum)
2372 253 2444 297 est

227 320 506 375 consecuta,
548 320 605 362 ut
645 314 768 361 nihil
804 315 852 361 ei
893 331 994 362 non
1034 315 1252 370 tribuerit
1280 315 1523 375 Fortuna,
1554 314 1693 390 quod
1737 313 1958 374 cuiquam
1998 317 2107 359 ante
2147 313 2366 360 detulerit
2397 318 2444 360 et

221 379 510 438 conciliarit,
551 379 683 442 quod
722 393 868 426 nemo
909 381 1062 427 adhuc
1102 379 1217 427 civis
1255 379 1495 425 Romanus
1538 377 1694 454 quivit
1735 376 1978 437 consequi.
1982 378 2013 404 “
2076 377 2217 423 Aetas
2248 374 2445 438 Nepotis

224 441 357 500 facit,
399 456 458 489 ea
487 446 542 488 ut
571 442 740 504 primis
772 443 972 506 Augusti
998 443 1289 519 principatus
1321 442 1459 488 annis
1492 435 1665 503 scripta
1699 455 1804 488 esse
1839 444 2113 486 statuamus.
2178 440 2241 486 Et
2282 441 2445 487 hercle

225 511 427 568 quantus
459 519 525 551 ex
547 504 783 566 quantillo
801 506 951 554 factus
973 512 1062 565 est,
1095 506 1136 553 si
1156 506 1246 551 tria
1264 505 1343 551 illa
1365 505 1524 551 animo
1544 504 1887 552 revolverimus
1918 504 2081 562 lustra,
2116 504 2287 564 quibus
2313 520 2441 564 eum,

225 569 445 616 avunculi
474 570 634 642 magni
665 572 812 616 caede
845 575 1106 631 comperta,
1146 570 1424 615 redeuntem
1455 569 1669 615 videmus
1704 568 1951 628 Apollonia
1982 568 2335 613 adolescentem
2366 569 2444 613 in-

225 645 409 677 ermem
439 631 616 692 vixque
650 634 845 680 militiae
875 632 1160 679 rudimentis
1191 631 1443 689 imbutum,
1469 635 1526 676 et
1558 630 1829 691 quindecim
1862 631 1995 676 annis
2026 635 2139 691 post
2159 630 2443 677 Alexandria

223 698 546 741 revertentem
578 697 705 742 orbis
738 701 974 743 terrarum
1018 683 1306 741 domitorem
1349 698 1400 740 et
1439 694 1674 741 victorem
1712 692 1839 739 Julio
1881 694 2079 739 Caesare
2121 691 2355 754 majorem
2397 698 2446 740 et

224 756 507 804 feliciorem!
552 760 666 817 Quis
699 765 805 820 est,
847 760 926 806 cui
965 758 1084 806 haec
1124 762 1284 804 mente
1327 762 1378 804 et
1417 757 1695 820 cogitatione
1725 757 2038 819 perpendenti
2068 773 2166 805 non
2198 762 2443 805 succurrat

225 820 400 884 alloqui
431 822 595 870 Manes
628 820 756 887 ejuse
959 881 981 906 ‚a
1129 852 1134 854 -
1236 886 1249 901 ο
1440 887 1451 900 ⁰

785 952 842 998 N
838 888 1342 1013 οσοιῗὲῖεῗιίιὲῑῖῃῖιῖιῖῗ
1358 887 1804 1012 ἧξιῗὲῑίσῖῗιξιόἕρὲυἰε·

223 1017 275 1060 ut
307 1015 430 1076 scrip
432 1014 492 1061 sit
520 1013 761 1062 Juvenalis
795 1016 897 1062 Sat.
929 1015 1061 1061 XIII.
1093 1032 1141 1063 v.
1177 1016 1288 1062 141.
1317 1016 1376 1062 ad
1398 1017 1651 1062 Fortunae
1668 1014 1858 1077 filium,
1893 1019 2038 1075 quem
2058 1018 2196 1061 vocat
2217 1013 2440 1062 Horatius

207 1076 333 1129 Lib.
357 1031 430 1123 ΠΡ
444 1077 544 1125 sat.
568 1080 616 1126 ὃ.
648 1094 697 1125 v.
722 1079 821 1136 49„
855 1079 1208 1141 designandum,
1240 1079 1511 1140 respiciens,
1548 1084 1605 1125 ut
1636 1080 1831 1140 quidam
1863 1079 2128 1139 opinantur,
2161 1078 2442 1124 miraculum

221 1140 364 1199 istud,
397 1143 526 1203 quod
557 1141 705 1188 refert
734 1142 915 1188 Plinius
947 1143 1003 1188 N.
1030 1143 1089 1188 H.
1118 1142 1227 1188 Lib.
1249 1144 1353 1188 XV.
1376 1158 1418 1189 c.
1444 1143 1544 1188 39..
1576 1143 1824 1204 „Namque
1856 1143 2018 1188 Liviae
2040 1142 2285 1199 Drusillae,
2319 1157 2442 1202 quae

221 1209 390 1267 postea
418 1205 630 1268 Augusta
660 1206 953 1255 matrimonii
983 1221 1161 1252 nomen
1196 1206 1391 1267 accepit,
1421 1222 1531 1252 cum
1559 1212 1693 1266 pacta
1719 1211 1842 1253 esset
1871 1206 1953 1252 illa
1982 1205 2182 1262 Caesari,
2216 1206 2440 1268 gallinam

222 1268 464 1329 conspicui
504 1263 728 1315 candoris
770 1270 957 1316 sedenti
990 1270 1146 1331 aquila
1178 1284 1244 1316 ex
1286 1270 1379 1316 alto
1421 1267 1593 1331 abjecit
1633 1271 1685 1316 in
1724 1270 1960 1333 gremitun
2005 1269 2243 1326 illaesam,
2288 1269 2441 1314 intre-

220 1332 431 1394 pideque
471 1332 665 1378 miranti
708 1334 908 1379 accessit
950 1333 1254 1394 miraculum,
1304 1333 1531 1395 quoniam
1573 1338 1758 1380 teneret
1799 1338 1954 1380 rostro
1999 1333 2214 1378 laureum
2253 1341 2441 1378 ramum

220 1401 447 1442 onustum
479 1396 575 1442 suis
606 1398 779 1442 baccis.
846 1397 1129 1444 Conservari
1161 1398 1322 1443 alitem
1355 1401 1417 1443 et
1433 1398 1648 1443 sobolem
1679 1396 1864 1459 jussere
1898 1396 2137 1457 aruspices
2158 1411 2442 1456 ramumque

220 1472 332 1505 eum
353 1459 456 1506 seri
486 1474 542 1506 ac
573 1460 665 1506 rite
699 1460 964 1507 custodiri.
1004 1460 1142 1518 Quod
1173 1459 1346 1506 factum
1374 1464 1445 1507 est
1474 1460 1524 1505 in
1546 1461 1656 1507 villa
1681 1460 1951 1518 Caesarum,
1984 1459 2128 1506 fluvio
2151 1460 2315 1506 Tiberi
2346 1460 2442 1505 im·

220 1523 379 1586 posita
411 1521 549 1586 juxta
579 1540 765 1571 nonum
796 1525 874 1585 lap
875 1524 1005 1570 idem
1036 1524 1267 1570 Flaminia
1296 1524 1399 1582 via,
1433 1539 1555 1585 quae
1587 1525 1649 1570 ob
1682 1525 1733 1570 id
1764 1529 1959 1572 vocatur
1989 1523 2116 1581 „Ad
2155 1523 2440 1583 Gallinas“,

218 1587 437 1647 mireque
489 1587 607 1635 silva
660 1542 898 1648 provenipt.
973 1586 1051 1632 Ex
1101 1602 1160 1633 ea
1205 1587 1499 1648 triumphans
1539 1592 1705 1648 postea
1750 1588 1922 1634 Caesar
1967 1589 2158 1633 laurum
2200 1588 2253 1632 in
2295 1602 2440 1634 manu

120 1682 131 1691 .
219 1650 371 1696 tenuit
402 1665 724 1712 coronamque
758 1651 911 1711 capite
944 1650 1109 1713 gessit,
1142 1664 1198 1697 ac
1230 1650 1414 1697 (131ιιι13
1418 1652 1754 1726 Imperatores
1788 1652 2014 1698 Caesares
2047 1651 2315 1711 cuncti“¹¹).

366 1713 532 1775 Neque
563 1718 723 1777 tamen
754 1714 1008 1777 Augustus,
1038 1729 1104 1760 ex
1134 1730 1230 1776 quo
1262 1730 1384 1763 unus
1414 1714 1617 1777 imperio
1648 1723 1906 1776 praeesset,
1938 1719 2038 1760 tam
2063 1715 2287 1777 singulari
2317 1714 2356 1761 F
2357 1730 2440 1762 or-

219 1781 362 1823 tunae
399 1777 563 1824 favore
606 1769 662 1824 ac
702 1778 944 1824 beneficiis
986 1794 1180 1838 prorsus
1220 1778 1466 1840 indignum
1507 1794 1559 1824 se
1610 1779 1893 1839 praestitisse
1946 1779 2295 1824 existimandus
2349 1785 2438 1824 est.

220 1841 358 1901 Quod
397 1841 457 1888 de
486 1840 615 1888 Julio
654 1842 854 1889 Caesare
888 1842 1148 1889 dictitatum
1179 1845 1243 1900 et,
1271 1845 1463 1888 auctore
1494 1841 1677 1889 Seneca
1711 1842 1767 1888 N.
1801 1841 1861 1903 Q.
1894 1841 2004 1889 Lib.
2040 1841 2102 1887 V.
2133 1857 2174 1888 c.
2212 1842 2289 1888 18.
2323 1848 2361 1898 §.
2391 1843 2439 1888 3.

219 1906 280 1951 31)
310 1904 371 1951 T.
394 1904 534 1952 Livio
562 1906 775 1968 positum
802 1911 928 1966 erat,
960 1907 1011 1952 in
1041 1906 1221 1952 incerto
1255 1920 1381 1964 esse,
1430 1910 1590 1951 utrum
1616 1907 1753 1952 illum
1791 1906 1940 1981 magis
1977 1906 2107 1952 nasci
2148 1906 2438 1968 reipublicae

218 1967 478 2029 profuerit,
510 1984 573 2014 an
597 1985 696 2015 non
726 1970 880 2025 nasci3
925 1971 977 2015 id
1005 1985 1128 2031 nego
1162 1971 1222 2015 de
1263 1970 1475 2031 Augusto
1520 1970 1614 2015 dici
1651 1970 1909 2029 quaerique
1954 1971 2177 2029 potuisse.
2241 1970 2438 2030 Imperii

220 2031 349 2077 enim
383 2030 587 2077 Romani
624 2037 731 2078 tum
766 2048 824 2078 ea
857 2037 958 2079 erat
995 2033 1227 2090 conditio,
1269 2037 1324 2077 ut
1364 2031 1495 2090 talis,
1543 2032 1732 2092 qualem
1768 2032 2033 2093 Augustum
2071 2032 2313 2093 cognitum
2349 2032 2439 2078 ha-

218 2093 404 2153 bemus,
437 2091 655 2140 debuerit
685 2095 817 2142 nasci
842 2095 1069 2157 Princeps
1099 2095 1383 2156 clavumque
1412 2095 1547 2158 regni
1586 2109 1830 2157 capessere
1860 2099 1910 2140 et
1937 2099 2116 2141 tenere.
2180 2095 2277 2141 Ista
2307 2101 2439 2153 aetas

218 2157 357 2203 alteri
397 2157 585 2203 cuidam
626 2155 754 2204 Julio
796 2159 986 2205 Caesari
1022 2158 1219 2205 ferendo
1246 2159 1401 2220 impar
1431 2163 1553 2215 erat3
1601 2159 1651 2204 in
1689 2159 1864 2203 nullius
1896 2158 1986 2202 nisi
2016 2158 2068 2202 in
2101 2158 2303 2221 Augusti
2334 2159 2438 2205 sive

218 2220 470 2268 virtutibus
509 2221 610 2268 sive
653 2221 783 2274 vitiis
817 2222 980 2272 civitas
1011 2222 1252 2281 Romana,
1302 2222 1566 2269 multorum
1596 2236 1830 2279 annorum
1861 2221 2014 2266 turbis
2047 2218 2219 2282 jactata
2250 2236 2436 2268 rerum-

218 2298 315 2345 que
345 2282 470 2331 fessa
502 2284 916 2344 conversionibus,
957 2289 1147 2362 poterat
1185 2286 1372 2349 longius
1413 2301 1469 2334 ac
1510 2285 1720 2333 securius
1762 2298 2066 2347 acquiescere
2078 2285 2152 2343 ¹²)
2217 2286 2288 2333 Ac
2331 2285 2434 2333 veri

218 2352 291 2395 est
321 2348 632 2425 simillimum,
664 2349 845 2410 aliquot
876 2350 1011 2397 annis
1040 2356 1165 2413 post,
1199 2366 1342 2412 quam
1371 2365 1448 2396 res
1478 2351 1543 2397 ab
1573 2366 1669 2396 uno
1693 2349 1910 2412 Augusto
1935 2349 2171 2411 sapienter
2193 2350 2430 2411 componi,

216 2426 307 2459 nec
338 2413 443 2460 sine
473 2413 660 2460 virtutis
691 2413 1129 2490 moderationisque
1161 2414 1318 2476 specie
1349 2414 1451 2476 regi
1483 2419 1675 2475 coeptae
1706 2418 1866 2472 erant,
1899 2414 2028 2460 haud
2060 2430 2235 2476 paucos
2268 2413 2428 2471 fuisse,

217 2476 303 2536 qui
322 2477 632 2551 experientia
664 2476 847 2532 edocti,
887 2477 1167 2538 imperium,
1213 2479 1331 2523 dum
1370 2492 1398 2522 a
1437 2478 1647 2539 pluribus
1691 2478 2007 2537 sustineatur,
2052 2493 2217 2535 ruere,
2260 2478 2431 2522 eadem

217 2539 470 2600 sentirent,
500 2555 628 2603 quae
659 2541 716 2599 Q.
748 2539 936 2586 Curtius
965 2540 1135 2600 Rufus,
1167 2540 1399 2587 felicitatis
1428 2541 1671 2603 publicae,
1705 2556 1851 2603 quam
1880 2541 2115 2604 Augustus
2146 2535 2428 2598 adduxerat,

326 2711 395 2752 11)
420 2706 536 2745 Idem·
564 2710 809 2747 miraculum
832 2717 995 2746 narrant
1018 2707 1193 2745 Suetoni
1177 2721 1242 2745 lus
1271 2708 1316 2745 in
1334 2708 1456 2748 Galb.
1474 2722 1507 2746 c.
1530 2716 1566 2749 1.
1590 2719 1632 2748 et
1650 2710 1709 2748 Di
1697 2723 1738 2748 ιο
1762 2708 1876 2748 Cassi
1863 2724 1925 2746 ius
1909 2709 2002 2746 siL
2006 2708 2063 2745 br.
2081 2708 2283 2751 XLVIII
2307 2723 2341 2748 c.
2367 2715 2432 2748 ⁵2.

219 2757 438 2798 Caeterum
457 2759 589 2798 Plinii
608 2764 746 2800 locum
770 2764 960 2801 consulto
977 2761 1261 2812 transscripsi.
1290 2770 1338 2799 ut
1363 2763 1419 2800 ali
1406 2775 1503 2815 iqua
1524 2763 1680 2801 mentio
1701 2766 1781 2824 Jam
1804 2761 1912 2799 hici
1897 2761 2138 2812 injiceretur
2160 2761 2297 2802 Liviae
2324 2763 2432 2801 Dru-

216 2813 336 2859 sillae,
359 2826 525 2864 quaem
546 2815 600 2850 mi
588 2816 722 2852 amovi
726 2825 791 2853 tae
807 2815 987 2868 Augusti
975 2827 1089 2851 ιιιοιι
1112 2824 1217 2851 esset
1237 2828 1302 2852 sec
1282 2814 1436 2852 crunda
1418 2830 1506 2852 rum
1529 2826 1599 2852 aut
1618 2826 1679 2852 ter
1661 2817 1735 2858 rt‘a
1740 2829 1828 2851 rum
1849 2816 2041 2865 parinum.

328 2868 396 2915 12)
417 2866 548 2904 Totus
569 2867 773 2906 assentior
797 2869 869 2918 eis,
889 2881 991 2921 quac
1007 2868 1081 2906 hac
1102 2866 1151 2905 de
1175 2880 1217 2905 re
1236 2868 1402 2919 scripsit
1419 2870 1461 2909 G.
1472 2870 1692 2913 Passom'us'
1677 2883 1717 2907 m
1731 2868 1778 2920 Q.
1791 2868 1950 2907 Horatii
1961 2868 2094 2908 Flacci
2109 2867 2255 2918 Vitap.
2267 2866 2353 2909 CV.
2369 2878 2429 2919 sq

2099 2931 2130 2977 2
