2713 3226
2414 104 2450 162 5

227 274 235 283 ·
380 251 491 315 fJam
523 251 758 316 singulare
799 249 919 299 illud
958 264 1121 299 meum
1159 249 1211 297 in
1255 250 1506 298 Caesarem
1544 250 1814 314 Augustum
1858 250 2067 298 studium
2111 252 2299 301 tametsi
2343 269 2452 302 eum

229 320 385 381 aetate
413 315 716 382 provectiore
747 319 809 364 et
827 314 1117 368 accuratiore
1154 330 1321 367 rerum
1361 316 1422 363 ab
1452 330 1525 365 eo
1566 320 1805 380 gestarum
1848 316 2116 380 cognitione
2157 317 2455 381 aliquantum

223 382 541 447 deferbuisse.
558 386 622 439 jae
645 380 893 441 refrixisse
933 380 1182 437 confiteor3
1222 385 1385 426 tamen
1427 396 1690 443 numquam
1732 380 1889 443 patiar
1930 396 2011 427 me
2050 397 2109 428 eo
2154 383 2455 447 arrogantiae

227 447 397 501 nescio,
424 448 581 510 dicam
611 460 673 492 an
703 446 1003 509 malignitatis
1033 451 1082 492 et
1111 445 1372 506 iniquitatis
1403 446 1583 506 abripi,
1626 452 1681 492 ut
1710 445 1840 498 veris
1870 445 1997 494 iuius
2027 446 2281 493 virtutibus
2325 445 2455 510 ejus-

227 512 583 573 demquecum
612 510 663 556 in
693 509 947 573 imperium
975 509 1263 568 Romanum,
1295 508 1428 569 quod
1454 512 1578 565 tum,
1606 515 1659 555 ut
1687 509 1935 557 verissime
1965 509 2033 557 ait
2061 509 2253 557 Tacitus
2275 511 2453 560 Histor-

224 573 340 635 Lib.
365 574 407 622 Ι.
440 590 482 622 c.
509 574 573 633 l.,
607 574 669 620 ad
695 589 848 636 unum
877 572 1088 624 conferri
1121 572 1253 634 pacis
1284 571 1545 629 interesset,
1577 576 1687 634 tum,
1710 574 1762 619 in
1786 573 1969 621 litteras
1990 577 2212 636 artesque
2232 573 2452 623 liberales

224 638 411 689 ,meritis
440 638 685 701 permultis
716 643 767 684 et
797 652 919 685 sane¹
939 635 1092 698 'quam
1121 634 1308 697 magnis
1329 635 1600 696 quidquam
1632 638 1893 682 detractum
1935 653 2052 685 esse.
2086 639 2234 686 velim
2243 639 2303 697 ³).
2362 639 2453 684 At-

228 718 324 764 que
355 701 500 749 idem·
517 717 605 765 ego
635 702 858 750 lubenter
888 700 1127 757 concedo,
1171 704 1303 759 quae
1326 698 1408 746 ille
1439 698 1490 743 in
1522 698 1844 746 Triumviratu
1875 701 2070 763 ignave,
2114 702 2295 765 impie,
2338 718 2455 765 per-

224 766 345 826 fide,
376 765 687 813 immoderate
696 799 718 825 „
746 763 1005 813 crudeliter
1033 762 1252 819 fecisset,
1295 777 1369 819 ea,
1404 777 1514 808 cum
1545 778 1708 808 rerum
1724 794 1734 798 -
1752 764 1880 810 solus
1924 766 2101 826 potitus
2143 771 2291 825 esset,
2334 783 2454 829 pru-

228 830 415 889 dentia,
446 829 798 888 moderatione,
830 827 1147 891 benignitate,
1182 825 1442 872 constantia
1474 826 1534 871 ab
1562 841 1621 872 eo
1654 828 2009 887 quodammodo
2041 835 2367 893 compensata,
2402 834 2454 877 et

227 894 477 944 virtutibus
516 893 632 956 vitia
675 907 732 940 ac
767 893 949 951 scelera
980 890 1231 953 praeclare
1261 888 1399 938 factis
1431 903 1533 935 esse
1563 891 1813 956 redempta
1822 891 1881 951 ⁴).
1947 894 2007 939 At
2039 894 2081 940 si
2112 910 2178 941 ex
2219 909 2306 953 eo,
2355 910 2451 956 quo

201 1005 206 1010 .
229 960 376 1007 modo
408 958 615 1021 quisque
634 961 788 1003 natus
820 959 897 1003 est
927 958 975 1001 et
1005 954 1269 1012 institutus,
1312 953 1639 1015 exquirimus,
1673 955 1788 1017 quid
1821 956 1985 1002 deceat
2016 972 2071 1004 ac
2102 958 2219 1020 quid
2254 959 2317 1004 sit
2347 959 2454 1005 lau-

227 1018 409 1083 (labile,
430 1022 704 1085 Augustus,
736 1023 947 1082 spectata
973 1018 1186 1065 maxima
1217 1019 1355 1066 vitae<
1376 1015 1479 1080 ejus
1510 1023 1669 1079 parte,
1701 1019 1930 1067 dicendus
1962 1026 2038 1068 est
2065 1022 2275 1069 multum
2308 1023 2453 1086 dege-

225 1102 417 1135 nerasse
461 1101 491 1134 a
532 1084 823 1148 parentibus·
846 1097 1007 1145 neque
1050 1097 1104 1129 se
1148 1098 1259 1129 cum
1301 1082 1559 1128 domestica
1600 1083 1872 1145 disciplina,
1916 1084 2028 1131 tum'
2063 1086 2209 1133 etiam
2252 1087 2453 1134 naturali

225 1152 434 1213 quodam
472 1150 601 1197 bono
644 1147 931 1194 defendisse.
994 1146 1159 1208 Neque
1201 1146 1329 1192 enim
1370 1150 1490 1207 puto
1534 1162 1827 1208 quemquam
1868 1153 2000 1196 tanto
2045 1150 2173 1196 illius
2216 1151 2374 1198 studio
2405 1155 2454 1197 et

225 1229 390 1262 amore
423 1218 616 1276 captum
647 1211 817 1270 teneri,
850 1211 967 1273 quin
998 1225 1110 1257 eum
1140 1209 1489 1268 Triumvirum,
1520 1211 1777 1257 multorum
1804 1213 2036 1260 scelerum
2063 1228 2161 1261 non
2184 1215 2452 1277 suspicione

226 1280 312 1341 sed
333 1277 539 1325 -infamia
571 1275 991 1332 commaculatum,
1038 1274 1302 1319 detestetur
1333 1277 1383 1318 et
1414 1288 1538 1334 quae
1567 1279 1672 1319 tum
1703 1275 1906 1323 ediderit
1931 1277 2058 1323 haud
2088 1276 2272 1324 fallacia
2304 1278 2453 1324 animi

222 1340 603 1403 inhumanissimi
633 1344 684 1385 et
713 1337 1054 1400 improbissimi
1084 1338 1369 1382 documenta
1400 1341 1504 1381 toto
1536 1338 1699 1383 animo
1731 1337 2081 1399 perhorrescat,
2116 1342 2302 1386 etiamsi
2330 1357 2454 1387 non·-

224 1405 463 1456 nulloru'm
494 1403 693 1466 gratiam
722 1401 990 1450 facinorum
1019 1401 1098 1458 vel
1127 1397 1359 1463 juventuti
1389 1397 1492 1462 ejus
1530 1400 1758 1448 faciamus
1798 1403 1881 1449 vel
1926 1409 2196 1466 temporum
2239 1403 2453 1452 necessi-

223 1465 309 1515 tati
342 1468 683 1516 condonemus.
747 1465 840 1511 Dio
873 1463 1061 1510 Cassius
1093 1463 1302 1525 quidem,
1334 1464 1695 1525 proscriptionis
1725 1465 1952 1512 invidiam
1984 1469 2044 1513 ab
2067 1483 2127 1514 eo
2154 1470 2452 1529 amoliturus,

223 1530 560 1579 LivaLVH.
595 1545 637 1576 c.
666 1532 701 1590 ¹7
734 1529 903 1587 aittsvjj
926 1546 972 1573 τε
998 1531 1077 1587 γὰρ
1104 1529 1230 1585 φύσει
1257 1525 1334 1570 οὐκ
1361 1525 1476 1580 ὠμὸς
1502 1526 1572 1585 ἧν,
1610 1532 1680 1574 καὶ
1708 1533 1751 1574 ἒν
1776 1537 1867 1582 τοῖς
1894 1536 1970 1576 τοῦ
1997 1535 2155 1590 πατρὸς
2182 1530 2335 1591 ἤθεσιν
2356 1526 2450 1578 ’ἕνε-

226 1599 465 1654 τέθραπτο,
498 1595 583 1642 sed
614 1609 645 1642 a
674 1593 779 1641 miti
810 1590 1128 1653 clementique
1163 1594 1334 1638 natura
1376 1589 1490 1639 Julii
1533 1589 1769 1654 Caesaris,
1815 1610 1963 1655 quem
2007 1594 2100 1642 Dio
2143 1594 2333 1643 Cassius
2375 1598 2450 1641 τοῦ

331 1795 372 1835 3)
392 1790 461 1827 De
480 1788 868 1840 CaesarisAugusti
891 1786 1065 1838 imperio
1090 1785 1288 1837 scripsere
1310 1786 1452 1824 multi:
1489 1787 1744 1839 antiquiores
1765 1798 1813 1827 ut
1831 1788 1900 1826 hic
1923 1788 2109 1827 omittam
2124 1817 2136 1834 ,
2162 1787 2265 1826 mihi
2287 1798 2448 1840 praeter

226 1842 431 1883 Aeroasin
456 1842 500 1887 J.
517 1842 576 1890 Α.
605 1841 796 1890 Ενησειζί
823 1840 972 1888 editam
1004 1853 1024 1877 a
1059 1839 1296 1883 Tittmanno
1325 1839 1368 1877 in
1392 1840 1645 1888 Ruhnkenii‚
1679 1842 1940 1880 Valckenarii
1966 1843 2221 1895 aliorumque
2241 1841 2452 1892 Epistolis

225 1897 365 1947 (Lips.
386 1898 535 1943 ·1812.)
555 1909 597 1946 p.
617 1902 692 1935 191
721 1908 813 1948 sqq.
836 1904 878 1932 et
896 1895 963 1933 Jo-
989 1894 1084 1932 Jac.
1106 1893 1236 1931 Henr.
1261 1893 1412 1930 Nascii
1432 1893 1663 1934 Comment.
1683 1896 1734 1932 de
1748 1896 1978 1945 ‘prudentia
2002 1897 2235 1935 Octaviam·
2263 1895 2455 1947 Augusti

226 1951 271 1987 ἰη
296 1949 506 1986 condendo
531 1950 672 1997 prisco
701 1948 983 1993 Romanorum
1011 1948 1183 1999 imperio
1206 1947 1249 1983 in
1275 1945 1429 1998 Opusc.
1450 1947 1593 1987 Latin.
1616 1949 1670 1988 N.
1693 1949 1809 1988 XXI.
1835 1959 1875 2001 p.
1896 1955 1974 1990 448
1994 1972 2048 1979 —
2066 1956 2173 1996 483„
2200 1949 2366 1988 videtur
2387 1949 2453 1986 in·

225 2003 371 2053 primis
391 2001 747 2050 'commemoranda
764 2010 806 2039 et
823 1998 1142 2038 commendanda
1161 2012 1248 2036 esse
1268 1999 1574 2038 Commentario
1595 2002 1665 2040 J0.
1689 2002 1735 2039 G.
1754 2002 1975 2040 Loebellii:
2005 2001 2166 2040 Ueber
2187 2004 2276 2040 das
2299 2003 2451 2039 Prin-

224 2057 373 2105 cipat
393 2055 481 2093 des
500 2056 792 2105 Augustus,
813 2054 870 2093 im
890 2053 1126 2092 histor-isch.
1156 2052 1377 2093 Tasclzenb.
1399 2054 1591 2104 hernusg.
1613 2066 1654 2097 v.
1678 2057 1747 2094 Fr.
1767 2069 1849 2094 von
1870 2058 2066 2096 Raumer.
2084 2056 2233 2107 Jahrg.
2254 2055 2302 2095 V.
2330 2059 2449 2097 1834.

224 2109 279 2147 Ν.
305 2109 380 2146 111.
402 2121 442 2158 p.
463 2113 540 2146 213
555 2130 604 2139 ·-
625 2113 732 2153 280„
759 2109 832 2159 qui
851 2120 936 2144 non
956 2108 1092 2143 minue
1115 2105 1235 2143 docte
1255 2120 1374 2157 quam
1396 2117 1515 2144 acute
1537 2109 1715 2160 Augusti
1738 2111 1780 2144 in
1801 2111 2011 2147 civitatem
2032 2110 2177 2145 merita
2199 2108 2453 2160 ponderavit

227 2175 399 2216 eumque
423 2175 445 2199 a
464 2162 762 2215 nonnullorum
787 2159 1149 2199 criminationibus
1180 2159 1271 2197 siue
1298 2161 1359 2198 ira
1389 2169 1430 2198 et
1462 2160 1600 2199 studio
1633 2162 1885 2200 vindicatum
1917 2162 2008 2202 ivit.
2063 2162 2199 2213 Quam
2230 2161 2449 2200 Commen-

225 2216 427 2254 tationem
451 2215 486 2251 si
516 2214 686 2266 legisset
714 2214 977 2262 Jentsckius,
1013 2213 1262 2263 Praeceptor
1294 2214 1507 2263 Gymnasii
1542 2214 1843 2260 Crefeldensis,
1875 2228 1959 2252 non
1991 2214 2139 2252 dubito
2173 2216 2297 2266 quin,
2328 2229 2447 2265 quam

185 2270 189 2275 ’
225 2268 369 2306 eodem
392 2281 501 2305 anno
521 2268 563 2303 in
584 2264 1099 2310 Prolnsidnexscholastica
1118 2266 1222 2315 'juris
1241 2266 1400 2316 publici
1420 2267 1522 2304 fecit
1541 2268 1824 2317 scriptionem:
1849 2267 1983 2305 Ueber
2003 2267 2071 2306 die
2081 2266 2447 2316 Nothwendigkeit

225 2322 311 2359 und
333 2318 715 2368 Zweckmassigkeit
734 2317 812 2356 der
828 2319 1293 2369 Scaatseinrichtungm'
1308 2319 1382 2357 des
1406 2321 1642 2370 Augustus,
1671 2329 1742 2358 aut
1773 2319 1995 2361 delevisset
2024 2330 2155 2360 totam
2186 2331 2258 2360 aut
2287 2332 2443 2359 nonum

225 2376 269 2412 in
292 2388 443 2412 annum
461 2370 700 2426 pressisset!
1080 2390 1083 2393 ·

332 2461 373 2521 4)
394 2459 501 2498 Sunt
522 2459 737 2503 maximam
754 2466 913 2510 partem
931 2456 1058 2496 verba
1079 2456 1179 2498 car.
1201 2457 1533 2507 Morgensternii
1555 2458 1598 2495 in
1624 2458 1852 2498 Comment.
1876 2450 2023 2499 Critic.
2054 2458 2106 2498 de
2123 2458 2214 2516 fide
2241 2459 2446 2497 historica

228 2513 380 2569 „VelleJi
403 2513 616 2553 Paterculi
640 2512 687 2553 P.
715 2511 771 2551 11.
793 2512 832 2558 9.
858 2516 920 2558 3.‚-
941 2522 1118 2563 quocum
1140 2512 1349 2548 consentit
1369 2511 1599 2563 Loebellz'us
1619 2512 1668 2549 de
1692 2514 1942 2564 Principacu
1964 2516 2147 2564 Augusti
2164 2516 2192 2552 l.
2213 2526 2245 2550 c.
2268 2525 2308 2564 p.
2332 2516 2443 2551 234.:

228 2568 373 2615 ,.-We›=
389 2567 498 2604 kann
514 2589 569 2597 —
587 2567 763 2615 laugnen
771 2593 786 2612 ‚
807 2564 926 2610 dass,
949 2564 1119 2617 wermje
1127 2564 1203 2622 ⁸ein
1221 2565 1347 2601 Farsc
1367 2565 1444 2602 das
1467 2566 1582 2603 Sae‘ine
1605 2568 1783 2615 gethan,
1810 2581 1876 2604 um
1897 2567 1977 2604 das
1997 2567 2214 2606 Andenken
2233 2579 2289 2603 an
2310 2565 2448 2603 sola-he

229 2619 389 2662 Thaton
407 2618 474 2661 bei,
491 2618 768 2670 der-*Minodt
791 2630 842 2669 23⁴
860 2617 1118 2663 ancisa-hen,
1141 2615 1229 2653 med
1248 2615 1325 2654 den
1340 2618 1471 2665 Hass,
1492 2618 1571 2656 den
1589 2633 1633 2656 er
1655 2615 1793 2677 daszir
1823 2620 2022 2668 verdient,
2042 2619 2171 2657 durch
2194 2630 2342 2667 grosse
2363 2617 2450 2655 und

224 2667 554 2734 mannigsaltige
576 2673 859 2717 Wohltkaten
880 2672 921 2708 in
942 2669 1061 2707 Liebe
1080 2681 1136 2711 ,zu
1158 2670 1444 2718 ςυεηυοηᾶσῑη,
1474 2685 1516 2709 es
1543 2674 1692 2721 gewiss
1733 2676 1947 2722 Augustus
1972 2674 2126 2720 gethan
2158 2674 2249 2709 hat.
2310 2672 2447 2721 Gegen

223 2724 291 2764 die
316 2726 415 2763 Zezc
442 2725 518 2763 der
538 2724 738 2765 Schlacht
755 2723 820 2764 bei
843 2724 1019 2769 Actium,
1045 2721 1153 2759 uach
1169 2734 1216 2759 so
1235 2735 1344 2761 anau
1402 2725 1598 2774 “rlichcn,
1627 2739 1674 2764 so
1693 2725 1976 2766 zerstarenden
2003 2726 2198 2764 sturmen
2221 2730 2382 2763 miissen
2405 2725 2448 2761 in

223 2780 339 2816 Rom'
355 2779 401 2818 V
397 2778 471 2816 iele
487 2778 564 2820 dm
596 2778 780 2817 Glauben
813 2792 869 2816 an
902 2779 968 2816 die
999 2777 1071 2815 W
1066 2775 1274 2814 iaderkelxr
1301 2780 1410 2816 eme's
1441 2778 1710 2828 bestdndigen
1737 2780 1926 2816 Friedens
1959 2780 2045 2816 und
2061 2773 2203 2834 fescer
2242 2779 2446 2826 Ordnuug

223 2825 444 2886 schorzfzir
461 2833 576 2870 einen
593 2832 871 2871 causa-henam
895 2832 1044 2870 Traum
1062 2829 1255 2879 gehalten
1276 2831 1420 2872 haben.
1481 2832 1581 2873 Und
1609 2847 1690 2872 uun
1703 2827 1850 2889 folgte
1870 2844 1919 2870 so
1945 2833 2101 2873 schnell
2126 2833 2193 2872 die
2218 2827 2447 2889 Erfic'llung

223 2887 385 2937 dessen,
415 2900 501 2926 was
526 2899 620 2924 man
640 2885 759 2925 luzum
783 2888 896 2926 mehr
916 2899 965 2926 zu
988 2882 1127 2942 kafftn
1145 2892 1354 2936 gewagt.“
