2713 3226
235 163 337 225 48.

786 273 1102 356 κακοῖο
1144 306 1392 356 Cassius
1434 306 1616 357 mbr.
1657 309 1765 359 LV.
1806 325 1851 359 ο.
1892 312 1944 359 ⁷.

388 389 615 444 Δικᾶζοντί
649 406 755 434 ποτε
784 389 897 447 αὔτῷ
923 392 1112 445 προστὰς
1138 388 1178 438 (ὃ
1206 386 1469 445 Μαικήνας),
1496 391 1569 433 καὶ
1586 388 1697 433 ἰδὼν
1723 391 1791 435 ὅτι
1816 393 2000 444 πολλοῦς
2024 388 2290 446 θανατώσειν
2311 381 2471 451 μέλλοι,

238 456 483 513 ἐπεχείρησε
522 456 599 510 μὲν
637 455 881 499 διώσασθαι
904 454 1001 504 τοὺς
1039 451 1383 509 περιεστηκότας,
1429 452 1502 496 καὶ
1537 450 1656 509 err-59
1694 447 1755 498 οἵ
1770 457 2036 512 προςελθεῒν·
2082 455 2140 514 μὴ
2179 456 2377 513 δυνηθεὶς
2409 456 2483 509 δὲ,-

236 520 423 578 ἕγραψεν
459 520 503 571 ἐς
540 523 842 577 γραμματεῖον,
880 514 1144 573 ν,Ἀνάστηθι
1179 513 1261 573 ἤδη
1289 517 1418 566 ποτὲ,
1443 516 1621 573 ὅήμιε,“
1644 517 1718 561 καὶ
1740 516 1843 564 αὒτὸ
1868 517 1927 571 ὥς
1952 521 2023 564 καὶ
2048 519 2189 578 ἕτερόν
2212 536 2267 571 τι,
2282 520 2396 575 ἕχον,
2430 520 2475 571 ἐς

235 586 310 630 τὸν
336 585 498 629 κόλπον
527 581 654 627 αὐτοῦ
673 582 862 641 ἔρριψεν·
891 578 989 624 ὥστ’
1010 581 1167 625 ἐκεῖνον
1190 579 1283 639 μήτ’
1309 579 1558 624 ἀποκτεῖναί
1582 596 1676 623 τινα
1701 581 1774 624 καὶ
1800 582 1931 635 §veos-
1955 584 2239 643 ἐξαναστῆναι.

740 679 899 729 XLII.
965 680 1081 728 Dio
1125 678 1374 728 Cassius
1421 679 1599 726 Libr.
1631 678 1761 727 LIV.
1805 696 1848 728 o.
1892 682 1977 729 23.

388 762 485 808 Κᾶν
523 768 583 821 τῷ
617 761 730 821 αὐτῷ
764 764 899 820 τούτῳ
936 761 1017 806 ἔτει
1061 761 1241 820 Οὗήδιος
1277 763 1460 805 Πωλίων
1496 760 1724 805 ἀπέθανεν·
1764 761 1869 822 ἀνὴρ
1904 760 2040 813 ἶίλλως
2066 765 2143 817 μὲν
2169 764 2288 810 οὐδὲν
2313 765 2474 822 μνήμης

240 826 361 882 ι’ίξιον
388 827 728 885 παρασχόμενος,
759 828 846 877 (καὶ
871 828 952 885 γὰρ
980 828 1027 878 ἐξ
1054 828 1352 884 ἀπελευθέρων
1379 825 1580 882 ἐγεγόνει,
1615 826 1684 870 καὶ
1714 826 1757 871 ἓν
1782 831 1871 879 τοῖς
1896 825 2095 872 ἱππεῦσιν
2132 828 2369 883 ἐξητάζετο,
2403 829 2479 873 καὶ

239 894 436 948 λαμπρὸν
473 890 595 939 οὐδὲν
633 889 880 947 εἰργάσατο)
919 891 993 935 ἐπὶ
1033 893 1080 935 δὲ
1118 892 1169 948 δὴ
1201 895 1260 947 τῷ
1296 888 1465 946 πλούτῳ
1501 893 1554 946 τῇ
1590 906 1637 933 τε
1672 887 1857 948 ὠμότητι
1883 888 2218 946 ὀνομαστότατος
2239 891 2472 948 γενόμενος,

238 957 348 1002 ὥστε
375 956 447 1000 καὶ
474 955 517 1007 ἐς
545 954 733 1013 ἱστορίας
760 953 885 1011 λόγον
913 955 1118 997 ἐσελθεῖν.
1145 949 1269 1005 οὗτος
1294 955 1373 1011 γὰρ
1403 955 1456 996 τὰ
1480 955 1557 1008 μὲν
1584 953 1688 996 ἄλλα
1715 953 1795 998 ὅσα
1821 954 2019 1013 ἔπραττε,
2048 953 2101 998 δι’
2130 951 2252 1008 ἷίχλου
2281 953 2332 1009 ἂν
2356 957 2475 1011 λεγό-

237 1038 344 1076 μενα
382 1021 559 1076 γένοιτο·
598 1018 805 1076 μυραίνας
842 1020 890 1061 δὲ
926 1018 1221 1073 δεδιδαγμένας
1261 1016 1518 1073 ἀνθρώπους
1565 1016 1726 1060 ἐσθίειν
1768 1019 1813 1061 ἐν
1857 1021 2100 1073 δεξαμεναῖς
2141 1020 2331 1075 τρέφων,
2375 1016 2474 1070 τούς

240 1086 419 1134 δούλους
461 1082 609 1133 αὐταῖς
650 1080 969 1133 οὓςςὲθανάτου
1005 1083 1258 1137 παρέβαλλε.
1305 1081 1377 1123 καί
1411 1097 1518 1124 ποτε
1546 1080 1620 1124 τὸν
1653 1078 1904 1137 Αὔγουστον
1938 1082 2113 1136 ἑστιῶν,
2155 1079 2226 1126 εἶτ)
2264 1082 2411 1138 ἐπειδὴ
2448 1081 2472 1126 ὁ

240 1147 428 1200 οἰνοχόος
456 1145 603 1189 κύλικα
630 1145 929 1201 κρυσταλλίνην
955 1145 1166 1196 κατέαξεν,
1196 1145 1239 1195 ἐς
1265 1144 1341 1194 τὰς
1367 1142 1574 1200 μυραίνας
1598 1143 1736 1195 αὐτὸν,
1763 1148 1870 1203 μηδὲ
1895 1147 1967 1190 τὸν
1994 1146 2218 1200 δαιτυμόνα
2243 1147 2471 1197 αἰδεσθεὶς,

239 1213 503 1268 ἐμβληθῆναι
533 1211 799 1268 προςέταξεν.
829 1208 853 1253 ὁ
882 1206 955 1252 οὖν
980 1206 1244 1266 Αὔγουστος,
1269 1207 1582 1264 προςπεσόντος
1609 1207 1651 1251 οἱ
1674 1212 1751 1253 τοῦ
1771 1210 1925 1262 παιδὸς
1945 1211 2016 1254 καὶ
2035 1207 2470 1261 ἱκετεύσαντοςαῦτὸν,

347 1353 464 1393 XLI.
495 1352 652 1391 Eadem
680 1353 810 1391 refert
838 1351 983 1390 iisdem
1013 1352 1100 1390 fere
1128 1351 1266 1390 verbis
1294 1364 1393 1389 usus
1422 1352 1611 1391 Zonaras·
1634 1353 1752 1394 Tom.
1782 1353 1834 1392 11.
1896 1382 1907 1394 .
1932 1360 2021 1394 166.
2040 1351 2094 1392 'et
2117 1351 2339 1400 Cedrenus,
2369 1366 2472 1405 quos

241 1408 388 1447 laudat
430 1406 687 1446 Meibomius
728 1406 771 1443 in
811 1405 1045 1444 Maecenat.
1084 1404 1185 1457 Cap.
1225 1404 1317 1442 VII.
1356 1410 1394 1445 8.
1433 1418 1473 1456 p.
1510 1400 1591 1452 52„
1622 1406 1772 1457 quibus
1805 1405 1855 1444 ad
1886 1416 1978 1445 atur
2008 1407 2144 1447 Mich.
2179 1407 2328 1457 Glycas
2362 1408 2469 1444 Ann.

239 1463 286 1500 P.
318 1463 370 1500 II.
398 1474 441 1512 p.
472 1466 564 1500 381.
595 1460 659 1497 ed.
690 1460 838 1504 Bekk„
870 1472 892 1495 a
924 1472 1021 1509 quo,
1053 1460 1200 1494 omissa
1231 1458 1485 1494 Maecenatis
1514 1461 1740 1504 mentione,
1771 1460 1814 1494 in
1841 1461 2079 1497 universum
2107 1458 2230 1511 σοφός
2248 1475 2306 1505 τις
2322 1473 2472 1497 memo·

239 1525 365 1552 ratur.
423 1515 565 1564 Ipsum
590 1512 746 1550 factum
773 1511 930 1550 nemini
960 1510 1131 1548 dubium
1160 1510 1240 1549 erit
1265 1510 1366 1560 quin
1396 1509 1613 1557 acciderit,
1646 1524 1737 1549 cum
1765 1511 1977 1563 Augustus
2007 1509 2219 1551 TriumVir
2245 1522 2364 1551 esset.

347 1588 483 1628 XLII.
514 1586 726 1626 Fabricius
756 1583 806 1623 ad
836 1583 878 1624 h.
907 1583 934 1622 l.
964 1598 1038 1636 per
1067 1596 1244 1622 errorem
1274 1586 1412 1636 lapsus
1436 1584 1611 1635 primum
1634 1584 1824 1623 confudit
1843 1584 1954 1625 hunc
1975 1586 2136 1626 Vedium
2157 1577 2362 1626 Pollionem
2379 1599 2471 1625 cum

239 1644 382 1683 Asinio
409 1643 593 1688 Pollione,
625 1638 776 1677 deinde
806 1638 930 1677 Vedii
959 1639 1074 1675 illius
1103 1641 1246 1674 luxum
1270 1638 1319 1674 ab
1345 1639 1534 1690 Augusto
1559 1639 1848 1689 reprehensum
1870 1653 1955 1678 esse
1970 1641 2037 1677 'ait
2060 1654 2126 1692 ap.
2152 1641 2342 1677 Tacitum
2365 1640 2471 1679 Ann.

240 1698 357 1734 Libr.
387 1696 420 1734 I.
453 1710 486 1732 c.
516 1703 579 1734 10.
637 1693 761 1731 Nihil
791 1702 932 1730 contra
963 1692 1126 1729 monuit
1155 1690 1342 1729 Sturzius
1371 1691 1425 1729 N·
1458 1697 1548 1732 189.
1579 1692 1674 1731 Vol.
1696 1693 1767 1732 VI.
1793 1707 1833 1744 p.
1858 1700 1947 1734 123.
2004 1695 2059 1732 At
2077 1704 2143 1746 ap.
2166 1694 2357 1732 Tacitum
2381 1696 2410 1733 l.
2435 1708 2471 1735 c.

240 1749 471 1788 afferuntur
499 1747 623 1786 verba
653 1744 1112 1798 prudentum·Augusti
1140 1745 1268 1783 vitam
1297 1745 1557 1796 arguentium
1581 1744 1704 1784 haec:
1733 1747 1781 1798 (D.
1810 1747 1926 1784 Teati
1944 1756 1980 1785 ee
2003 1747 2116 1785 Vedii
2136 1748 2314 1787 Poll-'onis
2331 1749 2470 1787 luz-us.-

239 1815 322 1854 quo
352 1803 395 1838 in
426 1804 519 1839 loco
554 1801 670 1838 Tedii
696 1813 847 1837 nomen
875 1800 916 1835 in
946 1800 1049 1836 Mat.
1082 1809 1124 1836 et
1151 1797 1285 1835 Editt.
1315 1807 1548 1835 monstrose
1587 1809 1827 1851 corruptum
1864 1810 1947 1846 est,
1989 1810 2037 1837 ut
2074 1800 2255 1838 ostendit
2292 1800 2471 1852 Ruperti

239 1856 285 1894 in
317 1853 548 1894 Comment.
579 1852 629 1891 ad
656 1852 754 1903 h.,1.
782 1852 877 1890 Vol.
901 1852 933 1890 1.
955 1864 999 1903 p.
1024 1856 1089 1891 32.
1146 1850 1284 1903 Quare
1314 1850 1386 1887 alii
1412 1859 1550 1888 totum
1580 1851 1685 1889 illud
1716 1852 1973 1902 deleverunt,
2002 1854 2074 1890 alii
2102 1852 2214 1892 aliud
2237 1856 2470 1905 conjectura

241 1909 565 1946 substituerunt.
621 1905 744 1956 Apud
774 1906 1019 1942 Suetonium
1049 1905 1155 1955 Aug.
1184 1918 1216 1941 c.
1247 1910 1311 1942 27.
1344 1914 1610 1943 memoratum
1650 1905 1814 1957 quidem
1852 1907 2082 1945 invenimus
2125 1907 2284 1945 Tedium
2317 1908 2470 1959 Afrum

242 1960 476 2021 quemdam,
509 1962 721 1998 consulem
745 1957 1022 2009 designatum3
1054 1957 1127 1994 sed
1157 1956 1217 1993 ibi
1246 1956 1288 1992 in
1318 1954 1450 1995 Codd.
1479 1957 1608 1996 Mstis
1636 1959 1819 2007 nominjs
1846 1958 1967 2010 hujus
1996 1960 2197 2011 scriptura
2226 1972 2310 1996 non
2339 1960 2468 2013 magis

240 2025 351 2055 certa
383 2021 462 2062 est,
491 2027 612 2065 quarn
642 2026 706 2064 ap.
735 2012 974 2051 Juvenalem
1005 2010 1087 2047 Sat.
1117 2010 1176 2049 ΙΙ.
1205 2023 1244 2048 v.
1266 2013 1348 2055 49..
1377 2010 1451 2047 ubi
1484 2012 1609 2050 Tedia
1636 2013 1831 2054 meretrix
1862 2014 2053 2051 occurrit.
2111 2013 2283 2051 Gentem
2311 2014 2471 2056 Tedium

239 2081 411 2121 prorsus
440 2067 696 2119 incognitam
724 2077 826 2111 esse,
859 2074 1001 2102 notam
1032 2073 1167 2101 autem
1201 2063 1367 2101 Tadiana
1395 2073 1557 2115 gentem
1586 2075 1629 2103 et
1659 2066 1703 2103 in
1723 2064 1859 2104 numia
1880 2066 2168 2118 lapidibusque
2194 2066 2373 2113 obviam,
2403 2066 2470 2105 ad·

240 2123 406 2160 monuit
441 2119 767 2171 Oudendorpius
799 2117 849 2155 ad
878 2118 1051 2156 Sueton.
1079 2115 1107 2154 l.
1138 2130 1171 2153 c.
1200 2138 1256 2145 —
1283 2117 1331 2153 In
1358 2117 1442 2154 loci
1470 2118 1632 2156 Tacitei
1657 2120 1903 2172 corruptelis
1928 2133 2075 2159 nomen
2094 2121 2306 2172 proprium
2326 2123 2469 2170 latere,

211 2173 345 2214 *mihi
369 2187 609 2226 persuasum
641 2183 724 2216 est;
763 2170 856 2218 sed,
899 2185 991 2209 cum
1021 2182 1158 2221 neque
1191 2169 1395 2208 Tediorum
1422 2183 1557 2222 neque
1590 2173 1798 2212 Tadn'mm
1825 2174 2041 2227 quisquam
2079 2174 2200 2211 nobris
2240 2174 2470 2213 innotuerit

241 2231 348 2277 luxu
376 2230 573 2272 famosus,
605 2228 695 2279 quis
725 2235 805 2263 tam
837 2224 1006 2264 divinus
1037 2234 1114 2269 est,
1144 2232 1193 2261 ut
1220 2236 1362 2262 verum
1388 2234 1504 2262 eruat
1525 2238 1675 2265 nomen
1700 2222 1893 2274 hominis,
1926 2228 1997 2280 qui
2019 2227 2261 2280 aequaverit
2283 2228 2468 2266 insanam

239 2282 450 2321 luxuriati}
484 2281 599 2319 Vedii
624 2282 830 2318 Pellem-3⁸?
860 2279 900 2317 Is
925 2278 1051 2323 enim,
1078 2286 1198 2315 antea
1226 2276 1416 2323 libertus,
1443 2290 1569 2329 eques
1591 2279 1802 2319 Romanus
1827 2281 1974 2329 factus,
2000 2294 2096 2321 suae
2115 2281 2261 2319 aetatis
2285 2290 2469 2329 evaserat

241 2334 472 2373 ditissimus
502 2344 544 2371 et
570 2333 940 2370 luxuriosissimus.
998 2331 1179 2369 Mortem
1211 2331 1320 2367 obiit
1353 2343 1387 2368 a.
1418 2331 1470 2368 U.
1503 2331 1549 2370 C.
1579 2338 1669 2373 739.
1702 2343 1743 2371 et
1774 2335 2029 2387 Augustum,
2073 2349 2251 2386 quocum
2289 2335 2468 2374 familia-

239 2389 342 2426 riter
360 2390 542 2438 junctus,
572 2387 744 2437 reliquit
766 2384 958 2422 heredem
980 2397 1034 2420 ex
1055 2384 1234 2435 plurima
1252 2392 1381 2434 parte,
1405 2383 1448 2419 in
1472 2397 1550 2435 qua
1570 2387 1692 2423 etiam
1712 2388 1811 2426 villa
1830 2389 2097 2439 Pausilypum
2118 2389 2225 2425 inter
2244 2387 2467 2439 Neapolim

239 2452 284 2480 et
302 2441 506 2491 Puteolos
536 2453 626 2477 cum
657 2439 817 2489 piscina
844 2438 951 2477 fuit:
982 2441 1099 2488 cujus
1128 2436 1256 2476 villae
1286 2445 1328 2474 et
1355 2436 1543 2488 piscinae
1573 2440 1759 2479 meminit
1782 2441 1943 2482 Plinius
1963 2442 2019 2481 N.
2041 2441 2097 2480 H.
2115 2440 2236 2480 Libr.
2254 2440 2329 2480 IX.
2349 2455 2385 2481 c.
2405 2447 2469 2482 53.

232 2495 521 2534 Memoratam
546 2506 569 2532 a
596 2492 738 2529 Dione
765 2491 909 2528 Cassio
938 2491 1226 2529 crudelitatem
1255 2493 1344 2541 ejus
1375 2490 1419 2527 in
1448 2505 1589 2531 servos
1616 2495 1798 2547 exagitat
1831 2496 1982 2534 Seneca
2020 2494 2070 2532 de
2109 2494 2311 2533 Clement.
2341 2508 2374 2532 c.
2404 2501 2465 2535 18.

266 2577 277 2587 .
307 2555 365 2588 2.:
391 2546 535 2598 „Quis
565 2558 651 2582 non
680 2544 855 2583 Vedium
883 2545 1117 2581 Pollionem
1146 2546 1266 2596 pejus
1299 2542 1457 2590 oderat,
1490 2559 1610 2597 quam
1637 2549 1745 2586 servi
1773 2549 1854 2595 sui,
1886 2547 1997 2601 quod
2026 2560 2239 2585 muraenas
2267 2549 2468 2601 sanguine

271 2614 421 2640 umano
452 2598 691 2653 saginabat:
729 2605 770 2635 et
800 2610 893 2644 eos,
924 2598 995 2649 qui
1024 2611 1068 2636 se
1096 2595 1257 2649 aliquid
1288 2595 1567 2646 offenderant,
1598 2600 1647 2637 in·
1668 2601 1896 2649 vivarium,
1937 2600 2039 2654 quid
2066 2600 2205 2647 aliud,
2236 2614 2356 2653 quam
2386 2614 2467 2640 ⁸01-

238 2656 444 2708 pentium,
465 2652 589 2706 abjici
605 2649 806 2704 jubebat?
838 2650 875 2688 O
896 2650 1102 2689 hominem
1121 2650 1236 2689 mille
1260 2650 1463 2688 mortibus
1482 2652 1669 2706 dignum!
1695 2656 1784 2694 sive
1804 2654 2062 2693 devorandos
2082 2668 2220 2693 servos
2243 2655 2467 2706 objiciebat

243 2709 473 2754 muraenis,
505 2720 605 2759 quas
638 2718 783 2743 esurus
812 2713 923 2752 erat,
951 2705 1038 2741 sive
1068 2706 1110 2741 in
1138 2704 1219 2742 hoc
1248 2713 1411 2742 tantum
1440 2706 1533 2744 illas
1562 2709 1720 2758 alebat,
1747 2719 1795 2747 ut
1822 2710 1882 2746 sic
1910 2704 2085 2747 aleret.“
2139 2707 2256 2747 Adde
2284 2709 2466 2748 Plinium

239 2761 298 2802 N.
327 2762 384 2801 H.
412 2761 531 2799 Libr.
560 2759 636 2798 IX.
662 2772 698 2798 c.
720 2763 808 2799 23st
837 2757 1037 2804 „Invenit
1056 2758 1100 2796 in
1121 2758 1201 2797 hoc
1221 2758 1392 2797 animali
1413 2762 1639 2814 (muraena)
1662 2761 2125 2802 documenta-saevitiae
2145 2762 2302 2800 Vedius
2325 2762 2465 2801 Pollio

234 2817 383 2869 *Eques
411 2815 623 2851 Romanus
653 2826 707 2850 ex
738 2810 883 2849 amicis
910 2810 1012 2848 Divi
1040 2811 1241 2863 Augusti,
1271 2811 1445 2851 vivariis
1474 2826 1611 2853 earum
1640 2816 1883 2868 immergens
1910 2817 2148 2867 mancipiaf‘
2186 2826 2264 2855 etc.
2295 2819 2347 2856 cl.
2367 2819 2466 2856 Ter·

239 2869 408 2909 tullian.
440 2866 490 2905 de
513 2867 649 2905 Pallio
677 2879 714 2906 c.
745 2869 782 2906 ⁵.
813 2878 853 2917 p.
885 2870 949 2906 31.
980 2862 1051 2911 (L.
1079 2863 1125 2903 B·
1148 2867 1286 2913 1655.)
1340 2864 1510 2906 Laudat
1538 2868 1718 2923 Augusti
1735 2869 1890 2908 factum
1910 2869 2062 2908 Seneca
2087 2869 2137 2908 de
2157 2869 2222 2907 Ira
2246 2868 2465 2911 Libr.111.

241 2935 278 2964 c:
297 2928 382 2963 40.=
402 2920 562 2971 „Varie
583 2919 851 2974 aggredieris,
871 2916 1127 2971 blandeque:
1142 2919 1225 2958 nisi
1242 2918 1354 2959 forte
1374 2930 1490 2960 tanta
1512 2935 1688 2975 persona
1707 2924 1803 2972 eris,
1828 2932 1876 2964 ut
1895 2925 2029 2977 possis
2050 2924 2153 2964 iram
2175 2920 2466 2971 comminuere,
